02RETORNO01COBRANÇA       30940000327964316741J REZENDE - ME                756 - BANCOOB S/A 0805170000078                                                                                                                                                                                                                                                                                               000001
1022542123500018830940000316741000000                         00000000661901000000DM 00000000000000000000 01060505170006480517                    100517000000000349010400970010505170000250000000000000000000000000000000000000000000000000000000000000000000000000003490000000000000000000000000000000000000000000000000000010000000000000          0001612677762000000000000000000000000000000000000000000002
1022542123500018830940000316741000000                         00000001876101000000DM 00000000000000000000 01060505170025270517                    100517000000000349010400970010505170000250000000000000000000000000000000000000000000000000000000000000000000000000003490000000000000000000000000000000000000000000000000000010000000000000          0000677178867900000000000000000000000000000000000000000003
1022542123500018830940000316741000000                         00000001924001000000DM 00000000000000000000 01060505170025200517                    100517000000000349010400970010505170000250000000000000000000000000000000000000000000000000000000000000000000000000003490000000000000000000000000000000000000000000000000000010000000000000          0003021597866800000000000000000000000000000000000000000004
1022542123500018830940000316741000000                         00000000985001000000DM 00000000000000000000 01060505170024530517                    100517000000000349010400970010505170000250000000000000000000000000000000000000000000000000000000000000000000000000003490000000000000000000000000000000000000000000000000000010000000000000          0003607094764900000000000000000000000000000000000000000005
9027563094SICOOB CREDIARA          RUA MARIA RITA DE AGUIAR                          CENTRO                        38183236ARAXÁ                         MG080520170000000400000000113                                                                                                                                                                                                                    000006
