02RETORNO01COBRANÇA       30940000327964316741J REZENDE - ME                756 - BANCOOB S/A 0205170000075                                                                                                                                                                                                                                                                                               000001
1022542123500018830940000316741000000                         00000001441701000000DM 00000000000000000000 01062804170027570517                    100517000000000349010400970012804170000250000000000000000000000000000000000000000000000000000000000000000000000000003490000000000000000000000000000000000000000000000000000010000000000000          0000699499364700000000000000000000000000000000000000000002
1022542123500018830940000316741000000                         00000001816001000000DM 00000000000000000000 01062504170030310517                    100517000000000349034164350012504170000250000000000000000000000000000000000000000000000000000000000000000000000000003490000000000000000000000000000000000000000000000000000010000000000000          0000848099966700000000000000000000000000000000000000000003
1022542123500018830940000316741000000                         00000001141101000000DM 00000000000000000000 01062804170017120517                    100517000000000294010400970012804170000250000000000000000000000000000000000000000000000000000000000000000000000000002940000000000000000000000000000000000000000000000000000010000000000000          0006761282268700000000000000000000000000000000000000000004
1022542123500018830940000316741000000                         00000002284901000000DM 00000000000000000000 01062804170015230517                    100517000000000294010400970012804170000250000000000000000000000000000000000000000000000000000000000000000000000000002940000000000000000000000000000000000000000000000000000010000000000000          0003225778362000000000000000000000000000000000000000000005
1022542123500018830940000316741000000                         00000001815201000000DM 00000000000000000000 01062504170030310417                    100417000000000349034164350012504170000250000000000000000000000000000000000000000000000000000000000000000000000000003495000000000000500000000000000000000000000000000000000010000000000000          0000848099966700000000000000000000000000000000000000000006
9027563094SICOOB CREDIARA          RUA MARIA RITA DE AGUIAR                          CENTRO                        38183236ARAXÁ                         MG020520170000000500000000113                                                                                                                                                                                                                    000007
