02RETORNO01COBRANÇA       30940000327964316741J REZENDE - ME                756 - BANCOOB S/A 0805170000082                                                                                                                                                                                                                                                                                               000001
1022542123500018830940000316741000000                         00000002056901000000DM 00000000000000000000 01060405170026060517                    100517000000000349034199260010405170000250000000000000000000000000000000000000000000000000000000000000000000000000003490000000000000000000000000000000000000000000000000000010000000000000          0004341197568700000000000000000000000000000000000000000002
1022542123500018830940000316741000000                         00000001729301000000DM 00000000000000000000 01060405170029770517                    100517000000000349010400970010405170000250000000000000000000000000000000000000000000000000000000000000000000000000003490000000000000000000000000000000000000000000000000000010000000000000          0006219557360000000000000000000000000000000000000000000003
1022542123500018830940000316741000000                         00000001537901000000DM 00000000000000000000 01060405170028810517                    100517000000000349034199260010405170000250000000000000000000000000000000000000000000000000000000000000000000000000003490000000000000000000000000000000000000000000000000000010000000000000          0002729612165300000000000000000000000000000000000000000004
1022542123500018830940000316741000000                         00000002128401000000DM 00000000000000000000 01060405170026750517                    100517000000000349010400970010405170000250000000000000000000000000000000000000000000000000000000000000000000000000003490000000000000000000000000000000000000000000000000000010000000000000          0001130201368800000000000000000000000000000000000000000005
1022542123500018830940000316741000000                         00000000649001000000DM 00000000000000000000 01060405170005930517                    100517000000000294010400970010405170000250000000000000000000000000000000000000000000000000000000000000000000000000002940000000000000000000000000000000000000000000000000000010000000000000          0003023575860400000000000000000000000000000000000000000006
1022542123500018830940000316741000000                         00000000625301000000DM 00000000000000000000 01060405170005190517                    100517000000000294010400970010405170000250000000000000000000000000000000000000000000000000000000000000000000000000002940000000000000000000000000000000000000000000000000000010000000000000          0007188477760000000000000000000000000000000000000000000007
1022542123500018830940000316741000000                         00000001912201000000DM 00000000000000000000 01060405170025190517                    100517000000000349010407080010405170000250000000000000000000000000000000000000000000000000000000000000000000000000003490000000000000000000000000000000000000000000000000000010000000000000          0008540006863400000000000000000000000000000000000000000008
9027563094SICOOB CREDIARA          RUA MARIA RITA DE AGUIAR                          CENTRO                        38183236ARAXÁ                         MG080520170000000700000000113                                                                                                                                                                                                                    000009
