02RETORNO01COBRANÇA       30940000327964316741J REZENDE - ME                756 - BANCOOB S/A 1505170000084                                                                                                                                                                                                                                                                                               000001
1022542123500018830940000316741000000                         00000000805001000000DM 00000000000000000000 01101105170011030517                    100517000000000294075630940011105170000100000000000000000000000000000000000000000000000000000000000000000000000000002940000000000000000000000000000000000000000000000000000010000000000000          0008715135969100000000000000000000000000000000000000000002
1022542123500018830940000316741000000                         00000001501401000000DM 00000000000000000000 01101105170028160517                    100517000000000349075630940011105170000100000000000000000000000000000000000000000000000000000000000000000000000000003490000000000000000000000000000000000000000000000000000010000000000000          0008257197068200000000000000000000000000000000000000000003
1022542123500018830940000316741000000                         00000001356501000000DM 00000000000000000000 01101105170022820417                    100417000000000294075630940011105170000100000000000000000000000000000000000000000000000000000000000000000000000000002940000000000000000000000000000000000000000000000000000010000000000000          0007188059365300000000000000000000000000000000000000000004
1022542123500018830940000316741000000                         00000002370801000000DM 00000000000000000000 01101105170025310317                    100317000000000349075630940011105170000100000000000000000000000000000000000000000000000000000000000000000000000000003490000000000000000000000000000000000000000000000000000010000000000000          0000797618260900000000000000000000000000000000000000000005
1022542123500018830940000316741000000                         00000000829601000000DM 00000000000000000000 01061105170011230517                    100517000000000294075630940011105170000250000000000000000000000000000000000000000000000000000000000000000000000000003244000000000030400000000000000000000000000000000000000010000000000000          0000702724661900000000000000000000000000000000000000000006
1022542123500018830940000316741000000                         00000001357201000000DM 00000000000000000000 01101105170022820517                    100517000000000294075630940011105170000100000000000000000000000000000000000000000000000000000000000000000000000000002940000000000000000000000000000000000000000000000000000010000000000000          0007188059365300000000000000000000000000000000000000000007
1022542123500018830940000316741000000                         00000001500701000000DM 00000000000000000000 01101105170028160417                    100417000000000349075630940011105170000100000000000000000000000000000000000000000000000000000000000000000000000000003490000000000000000000000000000000000000000000000000000010000000000000          0008257197068200000000000000000000000000000000000000000008
1022542123500018830940000316741000000                         00000002371501000000DM 00000000000000000000 01101105170025310417                    100417000000000349075630940011105170000100000000000000000000000000000000000000000000000000000000000000000000000000003490000000000000000000000000000000000000000000000000000010000000000000          0000797618260900000000000000000000000000000000000000000009
1022542123500018830940000316741000000                         00000002642701000000DM 00000000000000000000 01101105171000180417                    100517000000005648575630940011105170000100000000000000000000000000000000000000000000000000000000000000000000000000056485000000000000000000000000000000000000000000000000000010000000000000          1823706600016500000000000000000000000000000000000000000010
1022542123500018830940000316741000000                         00000000973201000000DM 00000000000000000000 01101105170024350517                    100517000000000294075630940011105170000100000000000000000000000000000000000000000000000000000000000000000000000000002940000000000000000000000000000000000000000000000000000010000000000000          0008566563069100000000000000000000000000000000000000000011
1022542123500018830940000316741000000                         00000002369001000000DM 00000000000000000000 01101105170025310217                    100217000000000349075630940011105170000100000000000000000000000000000000000000000000000000000000000000000000000000003490000000000000000000000000000000000000000000000000000010000000000000          0000797618260900000000000000000000000000000000000000000012
1022542123500018830940000316741000000                         00000002372201000000DM 00000000000000000000 01101105170025310517                    100517000000000349075630940011105170000100000000000000000000000000000000000000000000000000000000000000000000000000003490000000000000000000000000000000000000000000000000000010000000000000          0000797618260900000000000000000000000000000000000000000013
1022542123500018830940000316741000000                         00000001033001000000DM 00000000000000000000 01101105170017830517                    100517000000000294075630940011105170000100000000000000000000000000000000000000000000000000000000000000000000000000002940000000000000000000000000000000000000000000000000000010000000000000          0007674540669100000000000000000000000000000000000000000014
9027563094SICOOB CREDIARA          RUA MARIA RITA DE AGUIAR                          CENTRO                        38183236ARAXÁ                         MG150520170000001300000000113                                                                                                                                                                                                                    000015
