02RETORNO01COBRANÇA       30940000327964316741J REZENDE - ME                756 - BANCOOB S/A 2205170000086                                                                                                                                                                                                                                                                                               000001
1022542123500018830940000316741000000                         00000000770701000000DM 00000000000000000000 01061705170010620617                    100617000000000294010400970011705170000250000000000000000000000000000000000000000000000000000000000000000000000000002940000000000000000000000000000000000000000000000000000010000000000000          0000055756263500000000000000000000000000000000000000000002
9027563094SICOOB CREDIARA          RUA MARIA RITA DE AGUIAR                          CENTRO                        38183236ARAXÁ                         MG220520170000000100000000113                                                                                                                                                                                                                    000003
