02RETORNO01COBRANÇA       30940000327964316741J REZENDE - ME                756 - BANCOOB S/A 1105170000083                                                                                                                                                                                                                                                                                               000001
1022542123500018830940000316741000000                         00000002272001000000DM 00000000000000000000 01060805170014950517                    100517000000000294010400970010805170000250000000000000000000000000000000000000000000000000000000000000000000000000002940000000000000000000000000000000000000000000000000000010000000000000          0000136752462800000000000000000000000000000000000000000002
1022542123500018830940000316741000000                         00000000334401000000DM 00000000000000000000 01060905170004530517                    100517000000000349010400970010905170000250000000000000000000000000000000000000000000000000000000000000000000000000003490000000000000000000000000000000000000000000000000000010000000000000          0005516708060600000000000000000000000000000000000000000003
1022542123500018830940000316741000000                         00000000901201000000DM 00000000000000000000 01060905170012280517                    100517000000000349010400970010905170000250000000000000000000000000000000000000000000000000000000000000000000000000003490000000000000000000000000000000000000000000000000000010000000000000          0000488266564600000000000000000000000000000000000000000004
1022542123500018830940000316741000000                         00000001693301000000DM 00000000000000000000 01060805170029700517                    100517000000000349010400970010805170000250000000000000000000000000000000000000000000000000000000000000000000000000003490000000000000000000000000000000000000000000000000000010000000000000          0000214486281800000000000000000000000000000000000000000005
1022542123500018830940000316741000000                         00000001765901000000DM 00000000000000000000 01061005170030110517                    100517000000000349075630940011005170000250000000000000000000000000000000000000000000000000000000000000000000000000003490000000000000000000000000000000000000000000000000000010000000000000          0001104048469700000000000000000000000000000000000000000006
1022542123500018830940000316741000000                         00000002200001000000DM 00000000000000000000 01061005170027360517                    100517000000000349010400970011005170000250000000000000000000000000000000000000000000000000000000000000000000000000003490000000000000000000000000000000000000000000000000000010000000000000          0006724457262000000000000000000000000000000000000000000007
1022542123500018830940000316741000000                         00000001057701000000DM 00000000000000000000 01060905170015610517                    100517000000000294010400970010905170000250000000000000000000000000000000000000000000000000000000000000000000000000002940000000000000000000000000000000000000000000000000000010000000000000          0000512874565100000000000000000000000000000000000000000008
1022542123500018830940000316741000000                         00000001621301000000DM 00000000000000000000 01060805170029160517                    100517000000000349010400970010805170000250000000000000000000000000000000000000000000000000000000000000000000000000003490000000000000000000000000000000000000000000000000000010000000000000          0001248442318700000000000000000000000000000000000000000009
1022542123500018830940000316741000000                         00000001265001000000DM 00000000000000000000 01060805170025540417                    100517000000000319000102100010805170000250000000000000000000000000000000000000000000000000000000000000000000000000003190000000000000000000000000000000000000000000000000000010000000000000          0006612599561500000000000000000000000000000000000000000010
1022542123500018830940000316741000000                         00000002637001000000DM 00000000000000000000 01061005171000140417                    100517000000000319063400190011005170000250000000000000000000000000000000000000000000000000000000000000000000000000003190000000000000000000000000000000000000000000000000000010000000000000          3874637600046500000000000000000000000000000000000000000011
1022542123500018830940000316741000000                         00000002640201000000DM 00000000000000000000 01061005171000210417                    100517000000001039575630940011005170000250000000000000000000000000000000000000000000000000000000000000000000000000010395000000000000000000000000000000000000000000000000000010000000000000          6522717500018100000000000000000000000000000000000000000012
1022542123500018830940000316741000000                         00000002104801000000DM 00000000000000000000 01060805170026710517                    100517000000000349010400970010805170000250000000000000000000000000000000000000000000000000000000000000000000000000003490000000000000000000000000000000000000000000000000000010000000000000          0005764341515300000000000000000000000000000000000000000013
1022542123500018830940000316741000000                         00000002224701000000DM 00000000000000000000 01060905170014430517                    100517000000000294010400970010905170000250000000000000000000000000000000000000000000000000000000000000000000000000002940000000000000000000000000000000000000000000000000000010000000000000          0000696140365400000000000000000000000000000000000000000014
1022542123500018830940000316741000000                         00000000383501000000DM 00000000000000000000 01060905170004730517                    100517000000000294010400970010905170000250000000000000000000000000000000000000000000000000000000000000000000000000002940000000000000000000000000000000000000000000000000000010000000000000          0004063987868700000000000000000000000000000000000000000015
1022542123500018830940000316741000000                         00000000214501000000DM 00000000000000000000 01061005170003180517                    100517000000000294010400970011005170000250000000000000000000000000000000000000000000000000000000000000000000000000002940000000000000000000000000000000000000000000000000000010000000000000          0000949559261500000000000000000000000000000000000000000016
1022542123500018830940000316741000000                         00000000286501000000DM 00000000000000000000 01061005170004140517                    100517000000000349010400970011005170000250000000000000000000000000000000000000000000000000000000000000000000000000003490000000000000000000000000000000000000000000000000000010000000000000          0000303613564200000000000000000000000000000000000000000017
1022542123500018830940000316741000000                         00000001972401000000DM 00000000000000000000 01060805170025770517                    100517000000000349010400970010805170000250000000000000000000000000000000000000000000000000000000000000000000000000003490000000000000000000000000000000000000000000000000000010000000000000          0003225644269100000000000000000000000000000000000000000018
1022542123500018830940000316741000000                         00000001154701000000DM 00000000000000000000 01061005170017220617                    100617000000000294063400190011005170000250000000000000000000000000000000000000000000000000000000000000000000000000002940000000000000000000000000000000000000000000000000000010000000000000          0000326379860000000000000000000000000000000000000000000019
1022542123500018830940000316741000000                         00000000104001000000DM 00000000000000000000 01091005174                             101116000000004226575630940011005170000000000000000000000000000000000000000000000000000000000000000000000000000000042265000000000000000000000000000000000000000000000000000010000000000000          1997737400019000000000000000000000000000000000000000000020
1022542123500018830940000316741000000                         00000000553801000000DM 00000000000000000000 01060805170008410517                    100517000000000294010400970010805170000250000000000000000000000000000000000000000000000000000000000000000000000000002940000000000000000000000000000000000000000000000000000010000000000000          0004459589168700000000000000000000000000000000000000000021
1022542123500018830940000316741000000                         00000000601701000000DM 00000000000000000000 01061005170009010517                    100517000000000294010400970011005170000250000000000000000000000000000000000000000000000000000000000000000000000000002940000000000000000000000000000000000000000000000000000010000000000000          0009470166060400000000000000000000000000000000000000000022
1022542123500018830940000316741000000                         00000000673701000000DM 00000000000000000000 01061005170009450517                    100517000000000294010400970011005170000250000000000000000000000000000000000000000000000000000000000000000000000000002940000000000000000000000000000000000000000000000000000010000000000000          0009277825960000000000000000000000000000000000000000000023
1022542123500018830940000316741000000                         00000001633101000000DM 00000000000000000000 01061005170029220517                    100517000000000349000102100011005170000250000000000000000000000000000000000000000000000000000000000000000000000000003490000000000000000000000000000000000000000000000000000010000000000000          0005554795862000000000000000000000000000000000000000000024
1022542123500018830940000316741000000                         00000002494601000000DM 00000000000000000000 01060805170030420517                    100517000000000349023716910010805170000250000000000000000000000000000000000000000000000000000000000000000000000000003490000000000000000000000000000000000000000000000000000010000000000000          0001076302165200000000000000000000000000000000000000000025
1022542123500018830940000316741000000                         00000001489001000000DM 00000000000000000000 01060905170028150501                    100517000000000349010400970010905170000250000000000000000000000000000000000000000000000000000000000000000000000000003490000000000000000000000000000000000000000000000000000010000000000000          0001026372666500000000000000000000000000000000000000000026
1022542123500018830940000316741000000                         00000000250001000000DM 00000000000000000000 01060805170003720517                    100517000000000294010400970010805170000250000000000000000000000000000000000000000000000000000000000000000000000000002940000000000000000000000000000000000000000000000000000010000000000000          0000595338569200000000000000000000000000000000000000000027
1022542123500018830940000316741000000                         00000000322601000000DM 00000000000000000000 01061005170004370517                    100517000000000294010400970011005170000250000000000000000000000000000000000000000000000000000000000000000000000000002940000000000000000000000000000000000000000000000000000010000000000000          0001313854565300000000000000000000000000000000000000000028
1022542123500018830940000316741000000                         00000001549701000000DM 00000000000000000000 01060905170028820517                    100517000000000349010400970010905170000250000000000000000000000000000000000000000000000000000000000000000000000000003490000000000000000000000000000000000000000000000000000010000000000000          0002486093060600000000000000000000000000000000000000000029
1022542123500018830940000316741000000                         00000001561601000000DM 00000000000000000000 01060905170028890517                    100517000000000349010400970010905170000250000000000000000000000000000000000000000000000000000000000000000000000000003490000000000000000000000000000000000000000000000000000010000000000000          0000564891363000000000000000000000000000000000000000000030
1022542123500018830940000316741000000                         00000000961401000000DM 00000000000000000000 01060905170023970517                    100517000000000349010400970010905170000250000000000000000000000000000000000000000000000000000000000000000000000000003490000000000000000000000000000000000000000000000000000010000000000000          0007188737762000000000000000000000000000000000000000000031
1022542123500018830940000316741000000                         00000002248301000000DM 00000000000000000000 01060805170014580517                    100517000000000294010400970010805170000250000000000000000000000000000000000000000000000000000000000000000000000000002940000000000000000000000000000000000000000000000000000010000000000000          0002361630010000000000000000000000000000000000000000000032
1022542123500018830940000316741000000                         00000002360401000000DM 00000000000000000000 01060905170027500517                    100517000000000349010400970010905170000250000000000000000000000000000000000000000000000000000000000000000000000000003490000000000000000000000000000000000000000000000000000010000000000000          0000282899960200000000000000000000000000000000000000000033
1022542123500018830940000316741000000                         00000001165801000000DM 00000000000000000000 01060805170017340517                    100517000000000294010400970010805170000250000000000000000000000000000000000000000000000000000000000000000000000000002940000000000000000000000000000000000000000000000000000010000000000000          0006300667766800000000000000000000000000000000000000000034
1022542123500018830940000316741000000                         00000001597001000000DM 00000000000000000000 01060805170029010517                    100517000000000349010400970010805170000250000000000000000000000000000000000000000000000000000000000000000000000000003490000000000000000000000000000000000000000000000000000010000000000000          0002483652468700000000000000000000000000000000000000000035
1022542123500018830940000316741000000                         00000001284001000000DM 00000000000000000000 01060805170030190417                    100517000000000319034199260010805170000250000000000000000000000000000000000000000000000000000000000000000000000000003190000000000000000000000000000000000000000000000000000010000000000000          0000766983862000000000000000000000000000000000000000000036
1022542123500018830940000316741000000                         00000000697301000000DM 00000000000000000000 01061005170009530517                    100517000000000294010400970011005170000250000000000000000000000000000000000000000000000000000000000000000000000000002940000000000000000000000000000000000000000000000000000010000000000000          0004361846464900000000000000000000000000000000000000000037
1022542123500018830940000316741000000                         00000001936901000000DM 00000000000000000000 01061005170025420517                    100517000000000349034109440011005170000250000000000000000000000000000000000000000000000000000000000000000000000000003490000000000000000000000000000000000000000000000000000010000000000000          0002891803760000000000000000000000000000000000000000000038
1022542123500018830940000316741000000                         00000001984201000000DM 00000000000000000000 01061005170025800517                    100517000000000349013657310011005170000250000000000000000000000000000000000000000000000000000000000000000000000000003490000000000000000000000000000000000000000000000000000010000000000000          0007188615063000000000000000000000000000000000000000000039
1022542123500018830940000316741000000                         00000002518801000000DM 00000000000000000000 01060905170030440517                    100517000000000349010400970010905170000250000000000000000000000000000000000000000000000000000000000000000000000000003490000000000000000000000000000000000000000000000000000010000000000000          0000119164868000000000000000000000000000000000000000000040
1022542123500018830940000316741000000                         00000002632301000000DM 00000000000000000000 01061005171000070417                    100517000000000957034199260011005170000250000000000000000000000000000000000000000000000000000000000000000000000000009570000000000000000000000000000000000000000000000000000010000000000000          7097303700069600000000000000000000000000000000000000000041
1022542123500018830940000316741000000                         00000002635501000000DM 00000000000000000000 01061005171000110417                    100517000000000638063400190011005170000250000000000000000000000000000000000000000000000000000000000000000000000000006380000000000000000000000000000000000000000000000000000010000000000000          3874637600038400000000000000000000000000000000000000000042
1022542123500018830940000316741000000                         00000002638701000000DM 00000000000000000000 01061005171000080417                    100517000000001397063400190011005170000250000000000000000000000000000000000000000000000000000000000000000000000000013970000000000000000000000000000000000000000000000000000010000000000000          3874637600011200000000000000000000000000000000000000000043
1022542123500018830940000316741000000                         00000000298301000000DM 00000000000000000000 01060805170004220517                    100517000000000294010400970010805170000250000000000000000000000000000000000000000000000000000000000000000000000000002940000000000000000000000000000000000000000000000000000010000000000000          0007415855469100000000000000000000000000000000000000000044
1022542123500018830940000316741000000                         00000000443201000000DM 00000000000000000000 01060805170007200517                    100517000000000294063400190010805170000250000000000000000000000000000000000000000000000000000000000000000000000000002940000000000000000000000000000000000000000000000000000010000000000000          0003609756063000000000000000000000000000000000000000000045
1022542123500018830940000316741000000                         00000000503001000000DM 00000000000000000000 01060905170007930517                    100517000000000294010400970010905170000250000000000000000000000000000000000000000000000000000000000000000000000000002940000000000000000000000000000000000000000000000000000010000000000000          0005103575868700000000000000000000000000000000000000000046
1022542123500018830940000316741000000                         00000000865101000000DM 00000000000000000000 01061005170011880517                    100517000000000294010400970011005170000250000000000000000000000000000000000000000000000000000000000000000000000000002940000000000000000000000000000000000000000000000000000010000000000000          0009650926062000000000000000000000000000000000000000000047
1022542123500018830940000316741000000                         00000000877001000000DM 00000000000000000000 01061005170012100517                    100517000000000294010400970011005170000250000000000000000000000000000000000000000000000000000000000000000000000000002940000000000000000000000000000000000000000000000000000010000000000000          0007188717265300000000000000000000000000000000000000000048
1022542123500018830940000316741000000                         00000000889801000000DM 00000000000000000000 01060905170012200517                    100517000000000294010400970010905170000250000000000000000000000000000000000000000000000000000000000000000000000000002940000000000000000000000000000000000000000000000000000010000000000000          0005183755876000000000000000000000000000000000000000000049
1022542123500018830940000316741000000                         00000000913001000000DM 00000000000000000000 01061005170012340517                    100517000000000294010400970011005170000250000000000000000000000000000000000000000000000000000000000000000000000000002940000000000000000000000000000000000000000000000000000010000000000000          0008461066260400000000000000000000000000000000000000000050
1022542123500018830940000316741000000                         00000001585201000000DM 00000000000000000000 01061005170028970517                    100517000000000349010400970011005170000250000000000000000000000000000000000000000000000000000000000000000000000000003490000000000000000000000000000000000000000000000000000010000000000000          0005968516666800000000000000000000000000000000000000000051
1022542123500018830940000316741000000                         00000001657801000000DM 00000000000000000000 01060905170029300517                    100517000000000349010400970010905170000250000000000000000000000000000000000000000000000000000000000000000000000000003490000000000000000000000000000000000000000000000000000010000000000000          0000809615061800000000000000000000000000000000000000000052
1022542123500018830940000316741000000                         00000002641001000000DM 00000000000000000000 01060805171000240417                    100517000000002241010400970010805170000250000000000000000000000000000000000000000000000000000000000000000000000000022410000000000000000000000000000000000000000000000000000010000000000000          0488922000017900000000000000000000000000000000000000000053
1022542123500018830940000316741000000                         00000000479701000000DM 00000000000000000000 01061005170007430517                    100517000000000294003334670011005170000250000000000000000000000000000000000000000000000000000000000000000000000000002940000000000000000000000000000000000000000000000000000010000000000000          0000653259166100000000000000000000000000000000000000000054
1022542123500018830940000316741000000                         00000000757001000000DM 00000000000000000000 01060905170010460517                    100517000000000294010400970010905170000250000000000000000000000000000000000000000000000000000000000000000000000000002940000000000000000000000000000000000000000000000000000010000000000000          0000013014064300000000000000000000000000000000000000000055
1022542123500018830940000316741000000                         00000000841501000000DM 00000000000000000000 01061005170011390517                    100517000000000294010400970011005170000250000000000000000000000000000000000000000000000000000000000000000000000000002940000000000000000000000000000000000000000000000000000010000000000000          0009651106069100000000000000000000000000000000000000000056
1022542123500018830940000316741000000                         00000002020401000000DM 00000000000000000000 01060805170025950517                    100517000000000349010400970010805170000250000000000000000000000000000000000000000000000000000000000000000000000000003490000000000000000000000000000000000000000000000000000010000000000000          0009473525567200000000000000000000000000000000000000000057
1022542123500018830940000316741000000                         00000001948701000000DM 00000000000000000000 01061005170025530517                    100517000000000349010400970011005170000250000000000000000000000000000000000000000000000000000000000000000000000000003490000000000000000000000000000000000000000000000000000010000000000000          0000588234869200000000000000000000000000000000000000000058
1022542123500018830940000316741000000                         00000002212901000000DM 00000000000000000000 01061005170014420517                    100517000000000294010400970011005170000250000000000000000000000000000000000000000000000000000000000000000000000000002940000000000000000000000000000000000000000000000000000010000000000000          0000534757766500000000000000000000000000000000000000000059
1022542123500018830940000316741000000                         00000000359801000000DM 00000000000000000000 01061005170030410517                    100517000000000349075640790011005170000250000000000000000000000000000000000000000000000000000000000000000000000000003490000000000000000000000000000000000000000000000000000010000000000000          0006919796260000000000000000000000000000000000000000000060
1022542123500018830940000316741000000                         00000000613501000000DM 00000000000000000000 01061005170005350517                    100517000000000294010400970011005170000250000000000000000000000000000000000000000000000000000000000000000000000000002940000000000000000000000000000000000000000000000000000010000000000000          0000659773163800000000000000000000000000000000000000000061
1022542123500018830940000316741000000                         00000001093201000000DM 00000000000000000000 01060905170015840517                    100517000000000294063400190010905170000250000000000000000000000000000000000000000000000000000000000000000000000000002940000000000000000000000000000000000000000000000000000010000000000000          0006872201061000000000000000000000000000000000000000000062
1022542123500018830940000316741000000                         00000002633001000000DM 00000000000000000000 01061005171000090417                    100517000000000319034199260011005170000250000000000000000000000000000000000000000000000000000000000000000000000000003190000000000000000000000000000000000000000000000000000010000000000000          7097303700042400000000000000000000000000000000000000000063
1022542123500018830940000316741000000                         00000002636201000000DM 00000000000000000000 01061005171000120417                    100517000000000957034199260011005170000250000000000000000000000000000000000000000000000000000000000000000000000000009570000000000000000000000000000000000000000000000000000010000000000000          7097216100012200000000000000000000000000000000000000000064
9027563094SICOOB CREDIARA          RUA MARIA RITA DE AGUIAR                          CENTRO                        38183236ARAXÁ                         MG110520170000006300000000113                                                                                                                                                                                                                    000065
