02RETORNO01COBRANÇA       30940000327964316741J REZENDE - ME                756 - BANCOOB S/A 0405170000077                                                                                                                                                                                                                                                                                               000001
1022542123500018830940000316741000000                         00000000177701000000DM 00000000000000000000 01060305170001520517                    100517000000000294034199260010305170000250000000000000000000000000000000000000000000000000000000000000000000000000002940000000000000000000000000000000000000000000000000000010000000000000          0000719132169500000000000000000000000000000000000000000002
1022542123500018830940000316741000000                         00000000142001000000DM 00000000000000000000 01060305170000410517                    100517000000000294010400970010305170000250000000000000000000000000000000000000000000000000000000000000000000000000002940000000000000000000000000000000000000000000000000000010000000000000          0000565324365500000000000000000000000000000000000000000003
1022542123500018830940000316741000000                         00000002140301000000DM 00000000000000000000 01060305170026860517                    100517000000000349034199260010305170000250000000000000000000000000000000000000000000000000000000000000000000000000003490000000000000000000000000000000000000000000000000000010000000000000          0003407094060000000000000000000000000000000000000000000004
1022542123500018830940000316741000000                         00000001852501000000DM 00000000000000000000 01060305170030330517                    100517000000000349034199260010305170000250000000000000000000000000000000000000000000000000000000000000000000000000003490000000000000000000000000000000000000000000000000000010000000000000          0008285259668700000000000000000000000000000000000000000005
1022542123500018830940000316741000000                         00000000793601000000DM 00000000000000000000 01060305170010920517                    100517000000000294010400970010305170000250000000000000000000000000000000000000000000000000000000000000000000000000002940000000000000000000000000000000000000000000000000000010000000000000          0007570230469100000000000000000000000000000000000000000006
1022542123500018830940000316741000000                         00000000371701000000DM 00000000000000000000 01060305170004350517                    100517000000000294034109440010305170000250000000000000000000000000000000000000000000000000000000000000000000000000002940000000000000000000000000000000000000000000000000000010000000000000          0001514063611500000000000000000000000000000000000000000007
1022542123500018830940000316741000000                         00000000190301000000DM 00000000000000000000 01060305170002470517                    100517000000000294010400970010305170000250000000000000000000000000000000000000000000000000000000000000000000000000002940000000000000000000000000000000000000000000000000000010000000000000          0000356167569700000000000000000000000000000000000000000008
1022542123500018830940000316741000000                         00000000745201000000DM 00000000000000000000 01060305170010210517                    100517000000000294010400970010305170000250000000000000000000000000000000000000000000000000000000000000000000000000002940000000000000000000000000000000000000000000000000000010000000000000          0007187518269100000000000000000000000000000000000000000009
1022542123500018830940000316741000000                         00000002236501000000DM 00000000000000000000 01060305170014480517                    100517000000000294010400970010305170000250000000000000000000000000000000000000000000000000000000000000000000000000002940000000000000000000000000000000000000000000000000000010000000000000          0005227926069700000000000000000000000000000000000000000010
1022542123500018830940000316741000000                         00000001201901000000DM 00000000000000000000 01060305170017750517                    100517000000000294010400970010305170000250000000000000000000000000000000000000000000000000000000000000000000000000002940000000000000000000000000000000000000000000000000000010000000000000          0002729843469100000000000000000000000000000000000000000011
9027563094SICOOB CREDIARA          RUA MARIA RITA DE AGUIAR                          CENTRO                        38183236ARAXÁ                         MG040520170000001000000000113                                                                                                                                                                                                                    000012
