02RETORNO01COBRANÇA       30940000327964316741J REZENDE - ME                756 - BANCOOB S/A 2505170000089                                                                                                                                                                                                                                                                                               000001
1022542123500018830940000316741000000                         00000001237301000000DM 00000000000000000000 01062305170022660517                    100517000000000349075630940012305170000250000000000000000000000000000000000000000000000000000000000000000000000000003995000000000050500000000000000000000000000000000000000010000000000000          0004170441060600000000000000000000000000000000000000000002
9027563094SICOOB CREDIARA          RUA MARIA RITA DE AGUIAR                          CENTRO                        38183236ARAXÁ                         MG250520170000000100000000113                                                                                                                                                                                                                    000003
