02RETORNO01COBRANÇA       30940000327964316741J REZENDE - ME                756 - BANCOOB S/A 0802170000043                                                                                                                                                                                                                                                                                               000001
1022542123500018830940000316741000000                         00000002257001000000DM 00000000000000000000 01060702170014700217                    100217000000000294010400970010702170000250000000000000000000000000000000000000000000000000000000000000000000000000002940000000000000000000000000000000000000000000000000000010000000000000          0008318973461500000000000000000000000000000000000000000002
1022542123500018830940000316741000000                         00000000898401000000DM 00000000000000000000 01060702170012280217                    100217000000000349075630940010702170000250000000000000000000000000000000000000000000000000000000000000000000000000003490000000000000000000000000000000000000000000000000000010000000000000          0000488266564600000000000000000000000000000000000000000003
1022542123500018830940000316741000000                         00000001330401000000DM 00000000000000000000 01060702170022690217                    100217000000000349010400970010702170000250000000000000000000000000000000000000000000000000000000000000000000000000003490000000000000000000000000000000000000000000000000000010000000000000          0006307307269100000000000000000000000000000000000000000004
1022542123500018830940000316741000000                         00000001690101000000DM 00000000000000000000 01060702170029700217                    100217000000000349010400970010702170000250000000000000000000000000000000000000000000000000000000000000000000000000003490000000000000000000000000000000000000000000000000000010000000000000          0000214486281800000000000000000000000000000000000000000005
9027563094SICOOB CREDIARA          RUA MARIA RITA DE AGUIAR                          CENTRO                        38183236ARAXÁ                         MG080220170000000400000000113                                                                                                                                                                                                                    000006
