02RETORNO01COBRANÇA       30940000327964316741J REZENDE                     756 - BANCOOB S/A 0609180000253                                                                                                                                                                                                                                                                                               000001
1022542123500018830940000316741000000                         00000003498401000000DM 00000000000000000000 01060609180017220918                    100918000000000324010400970010609180000250000000000000000000000000000000000000000000000000000000000000000000000000003240000000000000000000000000000000000000000000000000000010000000000000          0000326379860000000000000000000000000000000000000000000002
1022542123500018830940000316741000000                         00000004114001000000DM 00000000000000000000 01060609180015230918                    100918000000000324010400970010609180000250000000000000000000000000000000000000000000000000000000000000000000000000003240000000000000000000000000000000000000000000000000000010000000000000          0003225778362000000000000000000000000000000000000000000003
1022542123500018830940000316741000000                         00000002858801000000DM 00000000000000000000 01060609180004140918                    100918000000000374003334670010609180000250000000000000000000000000000000000000000000000000000000000000000000000000003740000000000000000000000000000000000000000000000000000010000000000000          0000303613564200000000000000000000000000000000000000000004
1022542123500018830940000316741000000                         00000002870701000000DM 00000000000000000000 01060609180004220918                    100918000000000324010400970010609180000250000000000000000000000000000000000000000000000000000000000000000000000000003240000000000000000000000000000000000000000000000000000010000000000000          0007415855469100000000000000000000000000000000000000000005
1022542123500018830940000316741000000                         00000003114001000000DM 00000000000000000000 01060609180005350918                    100918000000000324010400970010609180000250000000000000000000000000000000000000000000000000000000000000000000000000003240000000000000000000000000000000000000000000000000000010000000000000          0000659773163800000000000000000000000000000000000000000006
1022542123500018830940000316741000000                         00000003665501000000DM 00000000000000000000 01060609180028820918                    100918000000000374010400970010609180000250000000000000000000000000000000000000000000000000000000000000000000000000003740000000000000000000000000000000000000000000000000000010000000000000          0002486093060600000000000000000000000000000000000000000007
1022542123500018830940000316741000000                         00000002774401000000DM 00000000000000000000 01060609180001140918                    100918000000000324010400970010609180000250000000000000000000000000000000000000000000000000000000000000000000000000003240000000000000000000000000000000000000000000000000000010000000000000          0004897155363400000000000000000000000000000000000000000008
1022542123500018830940000316741000000                         00000003462001000000DM 00000000000000000000 01060609180015980918                    100918000000000324010400970010609180000250000000000000000000000000000000000000000000000000000000000000000000000000003240000000000000000000000000000000000000000000000000000010000000000000          0007886934067800000000000000000000000000000000000000000009
1022542123500018830940000316741000000                         00000003474801000000DM 00000000000000000000 01060609180016360918                    100918000000000374010400970010609180000250000000000000000000000000000000000000000000000000000000000000000000000000003740000000000000000000000000000000000000000000000000000010000000000000          0004340692069100000000000000000000000000000000000000000010
1022542123500018830940000316741000000                         00000003522701000000DM 00000000000000000000 01060609180017750918                    100918000000000324010400970010609180000250000000000000000000000000000000000000000000000000000000000000000000000000003240000000000000000000000000000000000000000000000000000010000000000000          0002729843469100000000000000000000000000000000000000000011
1022542123500018830940000316741000000                         00000003874501000000DM 00000000000000000000 01060609180025270918                    100918000000000374010400970010609180000250000000000000000000000000000000000000000000000000000000000000000000000000003740000000000000000000000000000000000000000000000000000010000000000000          0000677178867900000000000000000000000000000000000000000012
1022542123500018830940000316741000000                         00000002762601000000DM 00000000000000000000 01060609180000410918                    100918000000000324010400970010609180000250000000000000000000000000000000000000000000000000000000000000000000000000003240000000000000000000000000000000000000000000000000000010000000000000          0000565324365500000000000000000000000000000000000000000013
1022542123500018830940000316741000000                         00000003701601000000DM 00000000000000000000 01060609180029010918                    100918000000000374010400970010609180000250000000000000000000000000000000000000000000000000000000000000000000000000003740000000000000000000000000000000000000000000000000000010000000000000          0002483652468700000000000000000000000000000000000000000014
1022542123500018830940000316741000000                         00000003246801000000DM 00000000000000000000 01060609180010460918                    100918000000000324010400970010609180000250000000000000000000000000000000000000000000000000000000000000000000000000003240000000000000000000000000000000000000000000000000000010000000000000          0000013014064300000000000000000000000000000000000000000015
9027563094SICOOB CREDIARA          RUA MARIA RITA DE AGUIAR                          CENTRO                        38183236ARAXÁ                         MG100920180000001400000000113                                                                                                                                                                                                                    000016
