02RETORNO01COBRANÇA       30940000327964316741J REZENDE                     756 - BANCOOB S/A 2609180000256                                                                                                                                                                                                                                                                                               000001
1022542123500018830940000316741000000                         00000003162401000000DM 00000000000000000000 01102109180006480918                    100918000000000374075630940012109180000100000000000000000000000000000000000000000000000000000000000000000000000000003740000000000000000000000000000000000000000000000000000010000000000000          0001612677762000000000000000000000000000000000000000000002
9027563094SICOOB CREDIARA          RUA MARIA RITA DE AGUIAR                          CENTRO                        38183236ARAXÁ                         MG260920180000000100000000113                                                                                                                                                                                                                    000003
