02RETORNO01COBRANÇA       30940000327964316741J REZENDE                     756 - BANCOOB S/A 0509180000252                                                                                                                                                                                                                                                                                               000001
1022542123500018830940000316741000000                         00000004006901000000DM 00000000000000000000 01060409180026860918                    100918000000000374010400970010409180000250000000000000000000000000000000000000000000000000000000000000000000000000003740000000000000000000000000000000000000000000000000000010000000000000          0003407094060000000000000000000000000000000000000000000002
1022542123500018830940000316741000000                         00000004078901000000DM 00000000000000000000 01060309180014580918                    100918000000000324010400970010309180000250000000000000000000000000000000000000000000000000000000000000000000000000003240000000000000000000000000000000000000000000000000000010000000000000          0002361630010000000000000000000000000000000000000000000003
1022542123500018830940000316741000000                         00000004090801000000DM 00000000000000000000 01060509180014700918                    100918000000000324010400970010509180000250000000000000000000000000000000000000000000000000000000000000000000000000003240000000000000000000000000000000000000000000000000000010000000000000          0008318973461500000000000000000000000000000000000000000004
1022542123500018830940000316741000000                         00000003677301000000DM 00000000000000000000 01060509180028890918                    100918000000000374010400970010509180000250000000000000000000000000000000000000000000000000000000000000000000000000003740000000000000000000000000000000000000000000000000000010000000000000          0000564891363000000000000000000000000000000000000000000005
1022542123500018830940000316741000000                         00000003862701000000DM 00000000000000000000 01060309180030330918                    100918000000000374010400970010309180000250000000000000000000000000000000000000000000000000000000000000000000000000003740000000000000000000000000000000000000000000000000000010000000000000          0008285259668700000000000000000000000000000000000000000006
1022542123500018830940000316741000000                         00000003982601000000DM 00000000000000000000 01060409180026740918                    100918000000000374010400970010409180000250000000000000000000000000000000000000000000000000000000000000000000000000003740000000000000000000000000000000000000000000000000000010000000000000          0000954360460600000000000000000000000000000000000000000007
1022542123500018830940000316741000000                         00000003886301000000DM 00000000000000000000 01060409180025190918                    100918000000000374010407080010409180000250000000000000000000000000000000000000000000000000000000000000000000000000003740000000000000000000000000000000000000000000000000000010000000000000          0008540006863400000000000000000000000000000000000000000008
1022542123500018830940000316741000000                         00000003958901000000DM 00000000000000000000 01060509180026650918                    100918000000000374034109440010509180000250000000000000000000000000000000000000000000000000000000000000000000000000003740000000000000000000000000000000000000000000000000000010000000000000          0000694769266000000000000000000000000000000000000000000009
1022542123500018830940000316741000000                         00000002894301000000DM 00000000000000000000 01060409180004370918                    100918000000000324010400970010409180000250000000000000000000000000000000000000000000000000000000000000000000000000003240000000000000000000000000000000000000000000000000000010000000000000          0001313854565300000000000000000000000000000000000000000010
1022542123500018830940000316741000000                         00000003198901000000DM 00000000000000000000 01060309180009530918                    100918000000000324003334670010309180000250000000000000000000000000000000000000000000000000000000000000000000000000003240000000000000000000000000000000000000000000000000000010000000000000          0004361846464900000000000000000000000000000000000000000011
1022542123500018830940000316741000000                         00000004066001000000DM 00000000000000000000 01060409180014480918                    100918000000000324010400970010409180000250000000000000000000000000000000000000000000000000000000000000000000000000003240000000000000000000000000000000000000000000000000000010000000000000          0005227926069700000000000000000000000000000000000000000012
1022542123500018830940000316741000000                         00000003318301000000DM 00000000000000000000 01060509180013270918                    100918000000000324010400970010509180000250000000000000000000000000000000000000000000000000000000000000000000000000003240000000000000000000000000000000000000000000000000000010000000000000          0005974586069700000000000000000000000000000000000000000013
1022542123500018830940000316741000000                         00000003593001000000DM 00000000000000000000 01060409180023390918                    100918000000000374010400970010409180000250000000000000000000000000000000000000000000000000000000000000000000000000003740000000000000000000000000000000000000000000000000000010000000000000          0003615945069700000000000000000000000000000000000000000014
1022542123500018830940000316741000000                         00000002798001000000DM 00000000000000000000 01060409180002470918                    100918000000000324010400970010409180000250000000000000000000000000000000000000000000000000000000000000000000000000003240000000000000000000000000000000000000000000000000000010000000000000          0000356167569700000000000000000000000000000000000000000015
1022542123500018830940000316741000000                         00000003366701000000DM 00000000000000000000 01060509180024530918                    100918000000000374010400970010509180000250000000000000000000000000000000000000000000000000000000000000000000000000003740000000000000000000000000000000000000000000000000000010000000000000          0003607094764900000000000000000000000000000000000000000016
1022542123500018830940000316741000000                         00000003127601000000DM 00000000000000000000 01060509180005191018                    101018000000000324010400970010509180000250000000000000000000000000000000000000000000000000000000000000000000000000003240000000000000000000000000000000000000000000000000000010000000000000          0007188477760000000000000000000000000000000000000000000017
9027563094SICOOB CREDIARA          RUA MARIA RITA DE AGUIAR                          CENTRO                        38183236ARAXÁ                         MG100920180000001600000000113                                                                                                                                                                                                                    000018
