02RETORNO01COBRANÇA       30940000327964316741J REZENDE                     756 - BANCOOB S/A 1409180000254                                                                                                                                                                                                                                                                                               000001
1022542123500018830940000316741000000                         00000003150601000000DM 00000000000000000000 01061109180005930918                    100918000000000324075630940011109180000250000000000000000000000000000000000000000000000000000000000000000000000000003244000000000000400000000000000000000000000000000000000010000000000000          0003023575860400000000000000000000000000000000000000000002
1022542123500018830940000316741000000                         00000004633901000000DM 00000000000000000000 01061109181000120818                    100918000000000698010400970011109180000250000000000000000000000000000000000000000000000000000000000000000000000000006980000000000000000000000000000000000000000000000000000010000000000000          7097216100012200000000000000000000000000000000000000000003
1022542123500018830940000316741000000                         00000004631401000000DM 00000000000000000000 01061109181000070818                    100918000000001047010400970011109180000250000000000000000000000000000000000000000000000000000000000000000000000000010470000000000000000000000000000000000000000000000000000010000000000000          7097303700069600000000000000000000000000000000000000000004
1022542123500018830940000316741000000                         00000004634601000000DM 00000000000000000000 01061109181000150818                    100918000000000349010400970011109180000250000000000000000000000000000000000000000000000000000000000000000000000000003490000000000000000000000000000000000000000000000000000010000000000000          7097303700093900000000000000000000000000000000000000000005
1022542123500018830940000316741000000                         00000003653701000000DM 00000000000000000000 01061209180028810918                    100918000000000374075640790011209180000250000000000000000000000000000000000000000000000000000000000000000000000000004119000000000037900000000000000000000000000000000000000010000000000000          0002729612165300000000000000000000000000000000000000000006
1022542123500018830940000316741000000                         00000003689101000000DM 00000000000000000000 01061309180028970918                    100918000000000374075630940011309180000250000000000000000000000000000000000000000000000000000000000000000000000000003746000000000000600000000000000000000000000000000000000010000000000000          0005968516666800000000000000000000000000000000000000000007
1022542123500018830940000316741000000                         00000004632101000000DM 00000000000000000000 01061109181000100818                    100918000000000349010400970011109180000250000000000000000000000000000000000000000000000000000000000000000000000000003490000000000000000000000000000000000000000000000000000010000000000000          7097303700034300000000000000000000000000000000000000000008
9027563094SICOOB CREDIARA          RUA MARIA RITA DE AGUIAR                          CENTRO                        38183236ARAXÁ                         MG140920180000000700000000113                                                                                                                                                                                                                    000009
