02RETORNO01COBRANÇA       30940000327964316741J REZENDE                     756 - BANCOOB S/A 1909180000255                                                                                                                                                                                                                                                                                               000001
1022542123500018830940000316741000000                         00000003372101000000DM 00000000000000000000 01091709180024540318                    200318000000000374075630940011709180000100000000000000000000000000000000000000000000000000000000000000000000000000003740000000000000000000000000000000000000000000000000000010000000000000          0000847276465600000000000000000000000000000000000000000002
1022542123500018830940000316741000000                         00000003814301000000DM 00000000000000000000 01061809180010140918                    200918000000000374010400970011809180000250000000000000000000000000000000000000000000000000000000000000000000000000003740000000000000000000000000000000000000000000000000000010000000000000          0005764752663400000000000000000000000000000000000000000003
1022542123500018830940000316741000000                         00000003168801000000DM 00000000000000000000 01091709180025800318                    200318000000000374075630940011709180000100000000000000000000000000000000000000000000000000000000000000000000000000003740000000000000000000000000000000000000000000000000000010000000000000          0007188615063000000000000000000000000000000000000000000004
9027563094SICOOB CREDIARA          RUA MARIA RITA DE AGUIAR                          CENTRO                        38183236ARAXÁ                         MG190920180000000300000000113                                                                                                                                                                                                                    000005
