02RETORNO01COBRANÇA       30940000327964316741J REZENDE                     756 - BANCOOB S/A 0109180000251                                                                                                                                                                                                                                                                                               000001
1022542123500018830940000316741000000                         00000004162301000000DM 00000000000000000000 01063008180002360918                    100918000000000374010400970013008180000250000000000000000000000000000000000000000000000000000000000000000000000000003740000000000000000000000000000000000000000000000000000010000000000000          0000569370264200000000000000000000000000000000000000000002
1022542123500018830940000316741000000                         00000004165501000000DM 00000000000000000000 01063008180002361218                    101218000000000374010400970013008180000250000000000000000000000000000000000000000000000000000000000000000000000000003740000000000000000000000000000000000000000000000000000010000000000000          0000569370264200000000000000000000000000000000000000000003
1022542123500018830940000316741000000                         00000002970901000000DM 00000000000000000000 01062908180004350918                    100918000000000324034109440012908180000250000000000000000000000000000000000000000000000000000000000000000000000000003240000000000000000000000000000000000000000000000000000010000000000000          0001514063611500000000000000000000000000000000000000000004
1022542123500018830940000316741000000                         00000004164801000000DM 00000000000000000000 01063008180002361118                    101118000000000374010400970013008180000250000000000000000000000000000000000000000000000000000000000000000000000000003740000000000000000000000000000000000000000000000000000010000000000000          0000569370264200000000000000000000000000000000000000000005
1022542123500018830940000316741000000                         00000004030601000000DM 00000000000000000000 01063108180027130918                    100918000000000374010400970013108180000250000000000000000000000000000000000000000000000000000000000000000000000000003740000000000000000000000000000000000000000000000000000010000000000000          0009652261564900000000000000000000000000000000000000000006
1022542123500018830940000316741000000                         00000004163001000000DM 00000000000000000000 01063008180002361018                    101018000000000374010400970013008180000250000000000000000000000000000000000000000000000000000000000000000000000000003740000000000000000000000000000000000000000000000000000010000000000000          0000569370264200000000000000000000000000000000000000000007
1022542123500018830940000316741000000                         00000003438201000000DM 00000000000000000000 01063108180015740918                    100918000000000324010400970013108180000250000000000000000000000000000000000000000000000000000000000000000000000000003240000000000000000000000000000000000000000000000000000010000000000000          0004684573966800000000000000000000000000000000000000000008
1022542123500018830940000316741000000                         00000003234001000000DM 00000000000000000000 01063108180010210918                    100918000000000324010400970013108180000250000000000000000000000000000000000000000000000000000000000000000000000000003240000000000000000000000000000000000000000000000000000010000000000000          0007187518269100000000000000000000000000000000000000000009
9027563094SICOOB CREDIARA          RUA MARIA RITA DE AGUIAR                          CENTRO                        38183236ARAXÁ                         MG100920180000000800000000113                                                                                                                                                                                                                    000010
