02RETORNO01COBRANÇA       30940000327964316741J REZENDE - ME                756 - BANCOOB S/A 1411170000181                                                                                                                                                                                                                                                                                               000001
1022542123500018830940000316741000000                         00000000919401000000DM 00000000000000000000 01061311170012341117                    101117000000000294075630940011311170000250000000000000000000000000000000000000000000000000000000000000000000000000003019000000000007900000000000000000000000000000000000000010000000000000          0008461066260400000000000000000000000000000000000000000002
9027563094SICOOB CREDIARA          RUA MARIA RITA DE AGUIAR                          CENTRO                        38183236ARAXÁ                         MG141120170000000100000000113                                                                                                                                                                                                                    000003
