02RETORNO01COBRANÇA       30940000327964316741J REZENDE - ME                756 - BANCOOB S/A 0811170000177                                                                                                                                                                                                                                                                                               000001
1022542123500018830940000316741000000                         00000002134901000000DM 00000000000000000000 01060311170026751117                    101117000000000349010400970010311170000250000000000000000000000000000000000000000000000000000000000000000000000000003490000000000000000000000000000000000000000000000000000010000000000000          0001130201368800000000000000000000000000000000000000000002
1022542123500018830940000316741000000                         00000000799001000000DM 00000000000000000000 01060311170010921117                    101117000000000294010400970010311170000250000000000000000000000000000000000000000000000000000000000000000000000000002940000000000000000000000000000000000000000000000000000010000000000000          0007570230469100000000000000000000000000000000000000000003
1022542123500018830940000316741000000                         00000001160101000000DM 00000000000000000000 01060311170017221217                    101217000000000294010400970010311170000250000000000000000000000000000000000000000000000000000000000000000000000000002940000000000000000000000000000000000000000000000000000010000000000000          0000326379860000000000000000000000000000000000000000000004
9027563094SICOOB CREDIARA          RUA MARIA RITA DE AGUIAR                          CENTRO                        38183236ARAXÁ                         MG081120170000000300000000113                                                                                                                                                                                                                    000005
