02RETORNO01COBRANÇA       30940000327964316741J REZENDE - ME                756 - BANCOOB S/A 0811170000178                                                                                                                                                                                                                                                                                               000001
1022542123500018830940000316741000000                         00000001123901000000DM 00000000000000000000 01060611170016361117                    101117000000000349010400970010611170000250000000000000000000000000000000000000000000000000000000000000000000000000003490000000000000000000000000000000000000000000000000000010000000000000          0004340692069100000000000000000000000000000000000000000002
1022542123500018830940000316741000000                         00000002254801000000DM 00000000000000000000 01060611170014581117                    101117000000000294010400970010611170000250000000000000000000000000000000000000000000000000000000000000000000000000002940000000000000000000000000000000000000000000000000000010000000000000          0002361630010000000000000000000000000000000000000000000003
1022542123500018830940000316741000000                         00000001918601000000DM 00000000000000000000 01060611170025191117                    101117000000000349010407080010611170000250000000000000000000000000000000000000000000000000000000000000000000000000003490000000000000000000000000000000000000000000000000000010000000000000          0008540006863400000000000000000000000000000000000000000004
1022542123500018830940000316741000000                         00000001207201000000DM 00000000000000000000 01060611170017751117                    101117000000000294010400970010611170000250000000000000000000000000000000000000000000000000000000000000000000000000002940000000000000000000000000000000000000000000000000000010000000000000          0002729843469100000000000000000000000000000000000000000005
1022542123500018830940000316741000000                         00000001882601000000DM 00000000000000000000 01060611170025271117                    101117000000000349010400970010611170000250000000000000000000000000000000000000000000000000000000000000000000000000003490000000000000000000000000000000000000000000000000000010000000000000          0000677178867900000000000000000000000000000000000000000006
1022542123500018830940000316741000000                         00000002146701000000DM 00000000000000000000 01060611170026861117                    101117000000000349063400190010611170000250000000000000000000000000000000000000000000000000000000000000000000000000003490000000000000000000000000000000000000000000000000000010000000000000          0003407094060000000000000000000000000000000000000000000007
1022542123500018830940000316741000000                         00000002366801000000DM 00000000000000000000 01060611170027501117                    101117000000000349010400970010611170000250000000000000000000000000000000000000000000000000000000000000000000000000003490000000000000000000000000000000000000000000000000000010000000000000          0000282899960200000000000000000000000000000000000000000008
1022542123500018830940000316741000000                         00000000667201000000DM 00000000000000000000 01060611170006481117                    101117000000000349010400970010611170000250000000000000000000000000000000000000000000000000000000000000000000000000003490000000000000000000000000000000000000000000000000000010000000000000          0001612677762000000000000000000000000000000000000000000009
1022542123500018830940000316741000000                         00000000907601000000DM 00000000000000000000 01060611170012281117                    101117000000000349010400970010611170000250000000000000000000000000000000000000000000000000000000000000000000000000003490000000000000000000000000000000000000000000000000000010000000000000          0000488266564600000000000000000000000000000000000000000010
1022542123500018830940000316741000000                         00000001858901000000DM 00000000000000000000 01060611170030331117                    101117000000000349010400970010611170000250000000000000000000000000000000000000000000000000000000000000000000000000003490000000000000000000000000000000000000000000000000000010000000000000          0008285259668700000000000000000000000000000000000000000011
1022542123500018830940000316741000000                         00000001147501000000DM 00000000000000000000 01060611170017121117                    101117000000000294010400970010611170000250000000000000000000000000000000000000000000000000000000000000000000000000002940000000000000000000000000000000000000000000000000000010000000000000          0006761282268700000000000000000000000000000000000000000012
9027563094SICOOB CREDIARA          RUA MARIA RITA DE AGUIAR                          CENTRO                        38183236ARAXÁ                         MG081120170000001100000000113                                                                                                                                                                                                                    000013
