02RETORNO01COBRANÇA       30940000327964316741J REZENDE - ME                756 - BANCOOB S/A 1411170000180                                                                                                                                                                                                                                                                                               000001
1022542123500018830940000316741000000                         00000000377001000000DM 00000000000000000000 01060911170004351117                    101117000000000294034109440010911170000250000000000000000000000000000000000000000000000000000000000000000000000000002940000000000000000000000000000000000000000000000000000010000000000000          0001514063611500000000000000000000000000000000000000000002
1022542123500018830940000316741000000                         00000000449601000000DM 00000000000000000000 01060911170007201117                    101117000000000294034199260010911170000250000000000000000000000000000000000000000000000000000000000000000000000000002940000000000000000000000000000000000000000000000000000010000000000000          0003609756063000000000000000000000000000000000000000000003
1022542123500018830940000316741000000                         00000002110201000000DM 00000000000000000000 01060911170026711117                    101117000000000349010400970010911170000250000000000000000000000000000000000000000000000000000000000000000000000000003490000000000000000000000000000000000000000000000000000010000000000000          0005764341515300000000000000000000000000000000000000000004
1022542123500018830940000316741000000                         00000002218201000000DM 00000000000000000000 01061011170014421117                    101117000000000294010400970011011170000250000000000000000000000000000000000000000000000000000000000000000000000000002940000000000000000000000000000000000000000000000000000010000000000000          0000534757766500000000000000000000000000000000000000000005
1022542123500018830940000316741000000                         00000000931301000000DM 00000000000000000000 01060811170013271117                    101117000000000294010400970010811170000250000000000000000000000000000000000000000000000000000000000000000000000000002940000000000000000000000000000000000000000000000000000010000000000000          0005974586069700000000000000000000000000000000000000000006
1022542123500018830940000316741000000                         00000002751501000000DM 00000000000000000000 01061011171000211017                    101117000000000577575640790011011170000250000000000000000000000000000000000000000000000000000000000000000000000000005775000000000000000000000000000000000000000000000000000010000000000000          6522717500018100000000000000000000000000000000000000000007
1022542123500018830940000316741000000                         00000000559101000000DM 00000000000000000000 01060811170008411117                    101117000000000294010400970010811170000250000000000000000000000000000000000000000000000000000000000000000000000000002940000000000000000000000000000000000000000000000000000010000000000000          0004459589168700000000000000000000000000000000000000000008
1022542123500018830940000316741000000                         00000000679001000000DM 00000000000000000000 01060911170009451117                    101117000000000294010400970010911170000250000000000000000000000000000000000000000000000000000000000000000000000000002940000000000000000000000000000000000000000000000000000010000000000000          0009277825960000000000000000000000000000000000000000000009
1022542123500018830940000316741000000                         00000001171201000000DM 00000000000000000000 01060811170017341117                    101117000000000294010400970010811170000250000000000000000000000000000000000000000000000000000000000000000000000000002940000000000000000000000000000000000000000000000000000010000000000000          0006300667766800000000000000000000000000000000000000000010
1022542123500018830940000316741000000                         00000002648001000000DM 00000000000000000000 01060911170029061117                    101117000000000349010400970010911170000250000000000000000000000000000000000000000000000000000000000000000000000000003490000000000000000000000000000000000000000000000000000010000000000000          0007331229087200000000000000000000000000000000000000000011
1022542123500018830940000316741000000                         00000002744301000000DM 00000000000000000000 01061011171000071017                    101117000000000957034199260011011170000250000000000000000000000000000000000000000000000000000000000000000000000000009570000000000000000000000000000000000000000000000000000010000000000000          7097303700069600000000000000000000000000000000000000000012
1022542123500018830940000316741000000                         00000002747501000000DM 00000000000000000000 01061011171000151017                    101117000000000638034199260011011170000250000000000000000000000000000000000000000000000000000000000000000000000000006380000000000000000000000000000000000000000000000000000010000000000000          7097303700093900000000000000000000000000000000000000000013
1022542123500018830940000316741000000                         00000001507801000000DM 00000000000000000000 01060811170028161117                    101117000000000349010400970010811170000250000000000000000000000000000000000000000000000000000000000000000000000000003490000000000000000000000000000000000000000000000000000010000000000000          0008257197068200000000000000000000000000000000000000000014
1022542123500018830940000316741000000                         00000000148301000000DM 00000000000000000000 01061011170000411117                    101117000000000294010400970011011170000250000000000000000000000000000000000000000000000000000000000000000000000000002940000000000000000000000000000000000000000000000000000010000000000000          0000565324365500000000000000000000000000000000000000000015
1022542123500018830940000316741000000                         00000000389901000000DM 00000000000000000000 01061011170004731117                    101117000000000294010400970011011170000250000000000000000000000000000000000000000000000000000000000000000000000000002940000000000000000000000000000000000000000000000000000010000000000000          0004063987868700000000000000000000000000000000000000000016
1022542123500018830940000316741000000                         00000001591701000000DM 00000000000000000000 01061011170028971117                    101117000000000349010400970011011170000250000000000000000000000000000000000000000000000000000000000000000000000000003490000000000000000000000000000000000000000000000000000010000000000000          0005968516666800000000000000000000000000000000000000000017
1022542123500018830940000316741000000                         00000002749001000000DM 00000000000000000000 01061011171000111017                    101117000000000987063400190011011170000250000000000000000000000000000000000000000000000000000000000000000000000000009870000000000000000000000000000000000000000000000000000010000000000000          3874637600038400000000000000000000000000000000000000000018
1022542123500018830940000316741000000                         00000002752201000000DM 00000000000000000000 01060911171000241017                    101117000000001743003334670010911170000250000000000000000000000000000000000000000000000000000000000000000000000000017430000000000000000000000000000000000000000000000000000010000000000000          0488922000017900000000000000000000000000000000000000000019
1022542123500018830940000316741000000                         00000000535501000000DM 00000000000000000000 01060811170004161117                    101117000000000294034109440010811170000250000000000000000000000000000000000000000000000000000000000000000000000000002940000000000000000000000000000000000000000000000000000010000000000000          0009147587261500000000000000000000000000000000000000000020
1022542123500018830940000316741000000                         00000001111001000000DM 00000000000000000000 01060811170015981117                    101117000000000294010400970010811170000250000000000000000000000000000000000000000000000000000000000000000000000000002940000000000000000000000000000000000000000000000000000010000000000000          0007886934067800000000000000000000000000000000000000000021
1022542123500018830940000316741000000                         00000002230101000000DM 00000000000000000000 01060811170014431117                    101117000000000294010400970010811170000250000000000000000000000000000000000000000000000000000000000000000000000000002940000000000000000000000000000000000000000000000000000010000000000000          0000696140365400000000000000000000000000000000000000000022
1022542123500018830940000316741000000                         00000002242001000000DM 00000000000000000000 01061011170014481117                    101117000000000294010400970011011170000250000000000000000000000000000000000000000000000000000000000000000000000000002940000000000000000000000000000000000000000000000000000010000000000000          0005227926069700000000000000000000000000000000000000000023
1022542123500018830940000316741000000                         00000001063101000000DM 00000000000000000000 01060911170015611117                    101117000000000294010400970010911170000250000000000000000000000000000000000000000000000000000000000000000000000000002940000000000000000000000000000000000000000000000000000010000000000000          0000512874565100000000000000000000000000000000000000000024
1022542123500018830940000316741000000                         00000000256401000000DM 00000000000000000000 01060911170003721117                    101117000000000294003334670010911170000250000000000000000000000000000000000000000000000000000000000000000000000000002940000000000000000000000000000000000000000000000000000010000000000000          0000595338569200000000000000000000000000000000000000000025
1022542123500018830940000316741000000                         00000000304301000000DM 00000000000000000000 01061011170004221117                    101117000000000294010400970011011170000250000000000000000000000000000000000000000000000000000000000000000000000000002940000000000000000000000000000000000000000000000000000010000000000000          0007415855469100000000000000000000000000000000000000000026
1022542123500018830940000316741000000                         00000000340901000000DM 00000000000000000000 01060811170004531117                    101117000000000349010400970010811170000250000000000000000000000000000000000000000000000000000000000000000000000000003490000000000000000000000000000000000000000000000000000010000000000000          0005516708060600000000000000000000000000000000000000000027
1022542123500018830940000316741000000                         00000001495401000000DM 00000000000000000000 01060811170028151101                    101117000000000349010400970010811170000250000000000000000000000000000000000000000000000000000000000000000000000000003490000000000000000000000000000000000000000000000000000010000000000000          0001026372666500000000000000000000000000000000000000000028
1022542123500018830940000316741000000                         00000001543301000000DM 00000000000000000000 01060811170028811117                    101117000000000349034199260010811170000250000000000000000000000000000000000000000000000000000000000000000000000000003490000000000000000000000000000000000000000000000000000010000000000000          0002729612165300000000000000000000000000000000000000000029
1022542123500018830940000316741000000                         00000002194001000000DM 00000000000000000000 01060811170027131117                    101117000000000349010400970010811170000250000000000000000000000000000000000000000000000000000000000000000000000000003490000000000000000000000000000000000000000000000000000010000000000000          0009652261564900000000000000000000000000000000000000000030
1022542123500018830940000316741000000                         00000002266601000000DM 00000000000000000000 01061011170014701117                    101117000000000294010400970011011170000250000000000000000000000000000000000000000000000000000000000000000000000000002940000000000000000000000000000000000000000000000000000010000000000000          0008318973461500000000000000000000000000000000000000000031
1022542123500018830940000316741000000                         00000000895201000000DM 00000000000000000000 01060911170012201117                    101117000000000294034199260010911170000250000000000000000000000000000000000000000000000000000000000000000000000000002940000000000000000000000000000000000000000000000000000010000000000000          0005183755876000000000000000000000000000000000000000000032
1022542123500018830940000316741000000                         00000000967801000000DM 00000000000000000000 01060911170023971117                    101117000000000349010400970010911170000250000000000000000000000000000000000000000000000000000000000000000000000000003490000000000000000000000000000000000000000000000000000010000000000000          0007188737762000000000000000000000000000000000000000000033
1022542123500018830940000316741000000                         00000001735801000000DM 00000000000000000000 01060811170029771117                    101117000000000349010400970010811170000250000000000000000000000000000000000000000000000000000000000000000000000000003490000000000000000000000000000000000000000000000000000010000000000000          0006219557360000000000000000000000000000000000000000000034
1022542123500018830940000316741000000                         00000001099601000000DM 00000000000000000000 01061011170015841117                    101117000000000294010400970011011170000250000000000000000000000000000000000000000000000000000000000000000000000000002940000000000000000000000000000000000000000000000000000010000000000000          0006872201061000000000000000000000000000000000000000000035
1022542123500018830940000316741000000                         00000001290401000000DM 00000000000000000000 01061011170030191017                    101117000000000319034199260011011170000250000000000000000000000000000000000000000000000000000000000000000000000000003190000000000000000000000000000000000000000000000000000010000000000000          0000766983862000000000000000000000000000000000000000000036
1022542123500018830940000316741000000                         00000002745001000000DM 00000000000000000000 01061011171000101017                    101117000000000638034199260011011170000250000000000000000000000000000000000000000000000000000000000000000000000000006380000000000000000000000000000000000000000000000000000010000000000000          7097303700034300000000000000000000000000000000000000000037
1022542123500018830940000316741000000                         00000002748201000000DM 00000000000000000000 01061011171000081017                    101117000000001276063400190011011170000250000000000000000000000000000000000000000000000000000000000000000000000000012760000000000000000000000000000000000000000000000000000010000000000000          3874637600011200000000000000000000000000000000000000000038
1022542123500018830940000316741000000                         00000000655401000000DM 00000000000000000000 01060811170005931117                    101117000000000294010400970010811170000250000000000000000000000000000000000000000000000000000000000000000000000000002940000000000000000000000000000000000000000000000000000010000000000000          0003023575860400000000000000000000000000000000000000000039
1022542123500018830940000316741000000                         00000000703301000000DM 00000000000000000000 01060911170009531117                    101117000000000294034199260010911170000250000000000000000000000000000000000000000000000000000000000000000000000000002940000000000000000000000000000000000000000000000000000010000000000000          0004361846464900000000000000000000000000000000000000000040
1022542123500018830940000316741000000                         00000002098801000000DM 00000000000000000000 01061011170026651117                    101117000000000349034109440011011170000250000000000000000000000000000000000000000000000000000000000000000000000000003490000000000000000000000000000000000000000000000000000010000000000000          0000694769266000000000000000000000000000000000000000000041
1022542123500018830940000316741000000                         00000000847901000000DM 00000000000000000000 01061011170011391117                    101117000000000294010400970011011170000250000000000000000000000000000000000000000000000000000000000000000000000000002940000000000000000000000000000000000000000000000000000010000000000000          0009651106069100000000000000000000000000000000000000000042
1022542123500018830940000316741000000                         00000002746801000000DM 00000000000000000000 01061011171000121017                    101117000000001947034199260011011170000250000000000000000000000000000000000000000000000000000000000000000000000000019470000000000000000000000000000000000000000000000000000010000000000000          7097216100012200000000000000000000000000000000000000000043
1022542123500018830940000316741000000                         00000000631801000000DM 00000000000000000000 01060911170005191117                    101117000000000294010400970010911170000250000000000000000000000000000000000000000000000000000000000000000000000000002940000000000000000000000000000000000000000000000000000010000000000000          0007188477760000000000000000000000000000000000000000000044
1022542123500018830940000316741000000                         00000001990701000000DM 00000000000000000000 01060911170025801117                    101117000000000349010400970010911170000250000000000000000000000000000000000000000000000000000000000000000000000000003490000000000000000000000000000000000000000000000000000010000000000000          0007188615063000000000000000000000000000000000000000000045
1022542123500018830940000316741000000                         00000002500601000000DM 00000000000000000000 01060811170030421117                    101117000000000349010400970010811170000250000000000000000000000000000000000000000000000000000000000000000000000000003490000000000000000000000000000000000000000000000000000010000000000000          0001076302165200000000000000000000000000000000000000000046
1022542123500018830940000316741000000                         00000002750801000000DM 00000000000000000000 01061011171000141017                    101117000000000319063400190011011170000250000000000000000000000000000000000000000000000000000000000000000000000000003190000000000000000000000000000000000000000000000000000010000000000000          3874637600046500000000000000000000000000000000000000000047
1022542123500018830940000316741000000                         00000000485101000000DM 00000000000000000000 01060811170007431117                    101117000000000294003334670010811170000250000000000000000000000000000000000000000000000000000000000000000000000000002940000000000000000000000000000000000000000000000000000010000000000000          0000653259166100000000000000000000000000000000000000000048
1022542123500018830940000316741000000                         00000001555101000000DM 00000000000000000000 01060811170028821117                    101117000000000349010400970010811170000250000000000000000000000000000000000000000000000000000000000000000000000000003490000000000000000000000000000000000000000000000000000010000000000000          0002486093060600000000000000000000000000000000000000000049
1022542123500018830940000316741000000                         00000000183101000000DM 00000000000000000000 01060811170001521117                    101117000000000294010400970010811170000250000000000000000000000000000000000000000000000000000000000000000000000000002940000000000000000000000000000000000000000000000000000010000000000000          0000719132169500000000000000000000000000000000000000000050
1022542123500018830940000316741000000                         00000000328001000000DM 00000000000000000000 01061011170004371117                    101117000000000294010400970011011170000250000000000000000000000000000000000000000000000000000000000000000000000000002940000000000000000000000000000000000000000000000000000010000000000000          0001313854565300000000000000000000000000000000000000000051
1022542123500018830940000316741000000                         00000001243801000000DM 00000000000000000000 01061011170022661117                    101117000000000349034199260011011170000250000000000000000000000000000000000000000000000000000000000000000000000000003490000000000000000000000000000000000000000000000000000010000000000000          0004170441060600000000000000000000000000000000000000000052
1022542123500018830940000316741000000                         00000000979601000000DM 00000000000000000000 01060811170024351117                    101117000000000294010400970010811170000250000000000000000000000000000000000000000000000000000000000000000000000000002940000000000000000000000000000000000000000000000000000010000000000000          0008566563069100000000000000000000000000000000000000000053
1022542123500018830940000316741000000                         00000001675001000000DM 00000000000000000000 01060811170029631117                    101117000000000349010400970010811170000250000000000000000000000000000000000000000000000000000000000000000000000000003490000000000000000000000000000000000000000000000000000010000000000000          0000559499965500000000000000000000000000000000000000000054
1022542123500018830940000316741000000                         00000001699701000000DM 00000000000000000000 01060811170029701117                    101117000000000349010400970010811170000250000000000000000000000000000000000000000000000000000000000000000000000000003490000000000000000000000000000000000000000000000000000010000000000000          0000214486281800000000000000000000000000000000000000000055
1022542123500018830940000316741000000                         00000001271401000000DM 00000000000000000000 01060911170025541017                    101117000000000319003334670010911170000250000000000000000000000000000000000000000000000000000000000000000000000000003190000000000000000000000000000000000000000000000000000010000000000000          0006612599561500000000000000000000000000000000000000000056
1022542123500018830940000316741000000                         00000001039401000000DM 00000000000000000000 01060911170017831117                    101117000000000294075630940010911170000250000000000000000000000000000000000000000000000000000000000000000000000000002940000000000000000000000000000000000000000000000000000010000000000000          0007674540669100000000000000000000000000000000000000000057
9027563094SICOOB CREDIARA          RUA MARIA RITA DE AGUIAR                          CENTRO                        38183236ARAXÁ                         MG141120170000005600000000113                                                                                                                                                                                                                    000058
