02RETORNO01COBRANÇA       30940000327964316741J REZENDE - ME                756 - BANCOOB S/A 3011170000174                                                                                                                                                                                                                                                                                               000001
1022542123500018830940000316741000000                         00000000161001000000DM 00000000000000000000 01103010170000731217                    101217000000000294075630940013010170000100000000000000000000000000000000000000000000000000000000000000000000000000002940000000000000000000000000000000000000000000000000000010000000000000          0000243026943000000000000000000000000000000000000000000002
1022542123500018830940000316741000000                         00000000763501000000DM 00000000000000000000 01062510170010461117                    101117000000000294010400970012510170000250000000000000000000000000000000000000000000000000000000000000000000000000002940000000000000000000000000000000000000000000000000000010000000000000          0000013014064300000000000000000000000000000000000000000003
1022542123500018830940000316741000000                         00000002014001000000DM 00000000000000000000 01103010170025931117                    101117000000000349075630940013010170000100000000000000000000000000000000000000000000000000000000000000000000000000003490000000000000000000000000000000000000000000000000000010000000000000          0008715200264900000000000000000000000000000000000000000004
1022542123500018830940000316741000000                         00000002015701000000DM 00000000000000000000 01103010170025931217                    101217000000000349075630940013010170000100000000000000000000000000000000000000000000000000000000000000000000000000003490000000000000000000000000000000000000000000000000000010000000000000          0008715200264900000000000000000000000000000000000000000005
1022542123500018830940000316741000000                         00000001711101000000DM 00000000000000000000 01063010170029711117                    101117000000000349034109440013010170000250000000000000000000000000000000000000000000000000000000000000000000000000003490000000000000000000000000000000000000000000000000000010000000000000          0002729840060600000000000000000000000000000000000000000006
1022542123500018830940000316741000000                         00000001748301000000DM 00000000000000000000 01103010170029781217                    101217000000000349075630940013010170000100000000000000000000000000000000000000000000000000000000000000000000000000003490000000000000000000000000000000000000000000000000000010000000000000          0000781177065200000000000000000000000000000000000000000007
1022542123500018830940000316741000000                         00000002278401000000DM 00000000000000000000 01063010170014951117                    101117000000000294010400970013010170000250000000000000000000000000000000000000000000000000000000000000000000000000002940000000000000000000000000000000000000000000000000000010000000000000          0000136752462800000000000000000000000000000000000000000008
1022542123500018830940000316741000000                         00000002290301000000DM 00000000000000000000 01063010170015231117                    101117000000000294010400970013010170000250000000000000000000000000000000000000000000000000000000000000000000000000002940000000000000000000000000000000000000000000000000000010000000000000          0003225778362000000000000000000000000000000000000000000009
1022542123500018830940000316741000000                         00000001747601000000DM 00000000000000000000 01103010170029781117                    101117000000000349075630940013010170000100000000000000000000000000000000000000000000000000000000000000000000000000003490000000000000000000000000000000000000000000000000000010000000000000          0000781177065200000000000000000000000000000000000000000010
1022542123500018830940000316741000000                         00000000160201000000DM 00000000000000000000 01103010170000731117                    101117000000000294075630940013010170000100000000000000000000000000000000000000000000000000000000000000000000000000002940000000000000000000000000000000000000000000000000000010000000000000          0000243026943000000000000000000000000000000000000000000011
9027563094SICOOB CREDIARA          RUA MARIA RITA DE AGUIAR                          CENTRO                        38183236ARAXÁ                         MG031120170000001000000000113                                                                                                                                                                                                                    000012
