02RETORNO01COBRANÇA       30940000327964316741J REZENDE - ME                756 - BANCOOB S/A 0311170000175                                                                                                                                                                                                                                                                                               000001
1022542123500018830940000316741000000                         00000001087801000000DM 00000000000000000000 01063110170015741117                    101117000000000294010400970013110170000250000000000000000000000000000000000000000000000000000000000000000000000000002940000000000000000000000000000000000000000000000000000010000000000000          0003615826760000000000000000000000000000000000000000000002
1022542123500018830940000316741000000                         00000000860501000000DM 00000000000000000000 01060111170011611217                    101217000000000294010400970010111170000250000000000000000000000000000000000000000000000000000000000000000000000000002940000000000000000000000000000000000000000000000000000010000000000000          0004342743060000000000000000000000000000000000000000000003
9027563094SICOOB CREDIARA          RUA MARIA RITA DE AGUIAR                          CENTRO                        38183236ARAXÁ                         MG031120170000000200000000113                                                                                                                                                                                                                    000004
