02RETORNO01COBRANÇA       30940000327964316741J REZENDE - ME                756 - BANCOOB S/A 0811170000179                                                                                                                                                                                                                                                                                               000001
1022542123500018830940000316741000000                         00000001417001000000DM 00000000000000000000 01090711170023620517                    100517000000000294075630940010711170000000000000000000000000000000000000000000000000000000000000000000000000000000002940000000000000000000000000000000000000000000000000000010000000000000          0009217048054400000000000000000000000000000000000000000002
1022542123500018830940000316741000000                         00000000238101000000DM 00000000000000000000 01090711170003300517                    100517000000000294075630940010711170000000000000000000000000000000000000000000000000000000000000000000000000000000002940000000000000000000000000000000000000000000000000000010000000000000          0000916024261200000000000000000000000000000000000000000003
1022542123500018830940000316741000000                         00000000455001000000DM 00000000000000000000 01090711170007350517                    100517000000000294075630940010711170000000000000000000000000000000000000000000000000000000000000000000000000000000002940000000000000000000000000000000000000000000000000000010000000000000          0001043534261400000000000000000000000000000000000000000004
1022542123500018830940000316741000000                         00000000491601000000DM 00000000000000000000 01090711170007690517                    100517000000000294075630940010711170000000000000000000000000000000000000000000000000000000000000000000000000000000002940000000000000000000000000000000000000000000000000000010000000000000          0000557136962000000000000000000000000000000000000000000005
1022542123500018830940000316741000000                         00000001525001000000DM 00000000000000000000 01090711170028530517                    100517000000000349075630940010711170000000000000000000000000000000000000000000000000000000000000000000000000000000003490000000000000000000000000000000000000000000000000000010000000000000          0007188229465300000000000000000000000000000000000000000006
1022542123500018830940000316741000000                         00000001021201000000DM 00000000000000000000 01090711170024790517                    100517000000000349075630940010711170000000000000000000000000000000000000000000000000000000000000000000000000000000003490000000000000000000000000000000000000000000000000000010000000000000          0000302933999800000000000000000000000000000000000000000007
1022542123500018830940000316741000000                         00000002348501000000DM 00000000000000000000 01090711170029790517                    100517000000000349075630940010711170000000000000000000000000000000000000000000000000000000000000000000000000000000003490000000000000000000000000000000000000000000000000000010000000000000          0000858497662000000000000000000000000000000000000000000008
1022542123500018830940000316741000000                         00000001669601000000DM 00000000000000000000 01090711170029630517                    100517000000000349075630940010711170000000000000000000000000000000000000000000000000000000000000000000000000000000003490000000000000000000000000000000000000000000000000000010000000000000          0000559499965500000000000000000000000000000000000000000009
1022542123500018830940000316741000000                         00000001681501000000DM 00000000000000000000 01090711170029680517                    100517000000000349075630940010711170000000000000000000000000000000000000000000000000000000000000000000000000000000003490000000000000000000000000000000000000000000000000000010000000000000          0000270724966100000000000000000000000000000000000000000010
1022542123500018830940000316741000000                         00000001717501000000DM 00000000000000000000 01090711170029730517                    100517000000000349075630940010711170000000000000000000000000000000000000000000000000000000000000000000000000000000003490000000000000000000000000000000000000000000000000000010000000000000          0007874980867200000000000000000000000000000000000000000011
1022542123500018830940000316741000000                         00000002531401000000DM 00000000000000000000 01090711170030450517                    100517000000000349075630940010711170000000000000000000000000000000000000000000000000000000000000000000000000000000003490000000000000000000000000000000000000000000000000000010000000000000          0000956345263100000000000000000000000000000000000000000012
1022542123500018830940000316741000000                         00000001308101000000DM 00000000000000000000 01090711170030210417                    100517000000000319075630940010711170000000000000000000000000000000000000000000000000000000000000000000000000000000003190000000000000000000000000000000000000000000000000000010000000000000          0000821220462600000000000000000000000000000000000000000013
1022542123500018830940000316741000000                         00000000196701000000DM 00000000000000000000 01060711170002471117                    101117000000000294010400970010711170000250000000000000000000000000000000000000000000000000000000000000000000000000002940000000000000000000000000000000000000000000000000000010000000000000          0000356167569700000000000000000000000000000000000000000014
1022542123500018830940000316741000000                         00000000781801000000DM 00000000000000000000 01090711170010740517                    100517000000000349075630940010711170000000000000000000000000000000000000000000000000000000000000000000000000000000003490000000000000000000000000000000000000000000000000000010000000000000          0008537504769100000000000000000000000000000000000000000015
1022542123500018830940000316741000000                         00000001225501000000DM 00000000000000000000 01090711170022630517                    100517000000000294075630940010711170000000000000000000000000000000000000000000000000000000000000000000000000000000002940000000000000000000000000000000000000000000000000000010000000000000          0002485828563400000000000000000000000000000000000000000016
1022542123500018830940000316741000000                         00000002068701000000DM 00000000000000000000 01090711170026580517                    100517000000000349075630940010711170000000000000000000000000000000000000000000000000000000000000000000000000000000003490000000000000000000000000000000000000000000000000000010000000000000          0003032597862000000000000000000000000000000000000000000017
1022542123500018830940000316741000000                         00000001345401000000DM 00000000000000000000 01090711170022730517                    100517000000000349075630940010711170000000000000000000000000000000000000000000000000000000000000000000000000000000003490000000000000000000000000000000000000000000000000000010000000000000          0008144163060000000000000000000000000000000000000000000018
1022542123500018830940000316741000000                         00000001411601000000DM 00000000000000000000 01060711170023391117                    101117000000000349010400970010711170000250000000000000000000000000000000000000000000000000000000000000000000000000003490000000000000000000000000000000000000000000000000000010000000000000          0003615945069700000000000000000000000000000000000000000019
1022542123500018830940000316741000000                         00000001801001000000DM 00000000000000000000 01090711170030290517                    100517000000000349075630940010711170000000000000000000000000000000000000000000000000000000000000000000000000000000003490000000000000000000000000000000000000000000000000000010000000000000          0001252081260500000000000000000000000000000000000000000020
1022542123500018830940000316741000000                         00000001864301000000DM 00000000000000000000 01090711170030350517                    100517000000000349075630940010711170000000000000000000000000000000000000000000000000000000000000000000000000000000003490000000000000000000000000000000000000000000000000000010000000000000          0001014402069600000000000000000000000000000000000000000021
1022542123500018830940000316741000000                         00000002433701000000DM 00000000000000000000 01090711170026590517                    100517000000000349075630940010711170000000000000000000000000000000000000000000000000000000000000000000000000000000003490000000000000000000000000000000000000000000000000000010000000000000          0001014914566700000000000000000000000000000000000000000022
1022542123500018830940000316741000000                         00000002446201000000DM 00000000000000000000 01090711170006720517                    100517000000000294075630940010711170000000000000000000000000000000000000000000000000000000000000000000000000000000002940000000000000000000000000000000000000000000000000000010000000000000          0001612675069100000000000000000000000000000000000000000023
1022542123500018830940000316741000000                         00000002470001000000DM 00000000000000000000 01090711170026730517                    100517000000000349075630940010711170000000000000000000000000000000000000000000000000000000000000000000000000000000003490000000000000000000000000000000000000000000000000000010000000000000          0000945536569300000000000000000000000000000000000000000024
1022542123500018830940000316741000000                         00000000280101000000DM 00000000000000000000 01060711170004111117                    101117000000000349010400970010711170000250000000000000000000000000000000000000000000000000000000000000000000000000003490000000000000000000000000000000000000000000000000000010000000000000          0007246051260000000000000000000000000000000000000000000025
1022542123500018830940000316741000000                         00000002296701000000DM 00000000000000000000 01090711170015250517                    100517000000000294075630940010711170000000000000000000000000000000000000000000000000000000000000000000000000000000002940000000000000000000000000000000000000000000000000000010000000000000          0000129208361100000000000000000000000000000000000000000026
1022542123500018830940000316741000000                         00000002308001000000DM 00000000000000000000 01090711170015560517                    100517000000000294075630940010711170000000000000000000000000000000000000000000000000000000000000000000000000000000002940000000000000000000000000000000000000000000000000000010000000000000          0006112200961500000000000000000000000000000000000000000027
1022542123500018830940000316741000000                         00000001567001000000DM 00000000000000000000 01060711170028891117                    101117000000000349010400970010711170000250000000000000000000000000000000000000000000000000000000000000000000000000003490000000000000000000000000000000000000000000000000000010000000000000          0000564891363000000000000000000000000000000000000000000028
1022542123500018830940000316741000000                         00000000991501000000DM 00000000000000000000 01060711170024531117                    101117000000000349010400970010711170000250000000000000000000000000000000000000000000000000000000000000000000000000003490000000000000000000000000000000000000000000000000000010000000000000          0003607094764900000000000000000000000000000000000000000029
1022542123500018830940000316741000000                         00000002152101000000DM 00000000000000000000 01090711170026890517                    100517000000000349075630940010711170000000000000000000000000000000000000000000000000000000000000000000000000000000003490000000000000000000000000000000000000000000000000000010000000000000          0000027534863600000000000000000000000000000000000000000030
1022542123500018830940000316741000000                         00000002408201000000DM 00000000000000000000 01090711170015600517                    100517000000000294075630940010711170000000000000000000000000000000000000000000000000000000000000000000000000000000002940000000000000000000000000000000000000000000000000000010000000000000          0000477735789900000000000000000000000000000000000000000031
1022542123500018830940000316741000000                         00000001177601000000DM 00000000000000000000 01090711170017410517                    100517000000000294075630940010711170000000000000000000000000000000000000000000000000000000000000000000000000000000002940000000000000000000000000000000000000000000000000000010000000000000          0000580980162500000000000000000000000000000000000000000032
1022542123500018830940000316741000000                         00000001573401000000DM 00000000000000000000 01090711170028940517                    100517000000000349075630940010711170000000000000000000000000000000000000000000000000000000000000000000000000000000003490000000000000000000000000000000000000000000000000000010000000000000          0007004592561500000000000000000000000000000000000000000033
1022542123500018830940000316741000000                         00000001603001000000DM 00000000000000000000 01060711170029011117                    101117000000000349010400970010711170000250000000000000000000000000000000000000000000000000000000000000000000000000003490000000000000000000000000000000000000000000000000000010000000000000          0002483652468700000000000000000000000000000000000000000034
1022542123500018830940000316741000000                         00000002482801000000DM 00000000000000000000 01090711170029720517                    100517000000000319075630940010711170000000000000000000000000000000000000000000000000000000000000000000000000000000003190000000000000000000000000000000000000000000000000000010000000000000          0001294552163600000000000000000000000000000000000000000035
1022542123500018830940000316741000000                         00000002564701000000DM 00000000000000000000 01090711170029490517                    100517000000000349075630940010711170000000000000000000000000000000000000000000000000000000000000000000000000000000003490000000000000000000000000000000000000000000000000000010000000000000          0007246053964900000000000000000000000000000000000000000036
1022542123500018830940000316741000000                         00000000310801000000DM 00000000000000000000 01090711170004230517                    100517000000000294075630940010711170000000000000000000000000000000000000000000000000000000000000000000000000000000002940000000000000000000000000000000000000000000000000000010000000000000          0005724833867200000000000000000000000000000000000000000037
1022542123500018830940000316741000000                         00000000395301000000DM 00000000000000000000 01090711170006510517                    100517000000000294075630940010711170000000000000000000000000000000000000000000000000000000000000000000000000000000002940000000000000000000000000000000000000000000000000000010000000000000          0006345744697000000000000000000000000000000000000000000038
1022542123500018830940000316741000000                         00000002062301000000DM 00000000000000000000 01060711170026061117                    101117000000000349034199260010711170000250000000000000000000000000000000000000000000000000000000000000000000000000003490000000000000000000000000000000000000000000000000000010000000000000          0004341197568700000000000000000000000000000000000000000039
1022542123500018830940000316741000000                         00000001447001000000DM 00000000000000000000 01060711170027571117                    101117000000000349010400970010711170000250000000000000000000000000000000000000000000000000000000000000000000000000003490000000000000000000000000000000000000000000000000000010000000000000          0000699499364700000000000000000000000000000000000000000040
1022542123500018830940000316741000000                         00000001513201000000DM 00000000000000000000 01090711170028310517                    100517000000000349075630940010711170000000000000000000000000000000000000000000000000000000000000000000000000000000003490000000000000000000000000000000000000000000000000000010000000000000          0000512998361000000000000000000000000000000000000000000041
1022542123500018830940000316741000000                         00000000937701000000DM 00000000000000000000 01090711170013510517                    100517000000000294075630940010711170000000000000000000000000000000000000000000000000000000000000000000000000000000002940000000000000000000000000000000000000000000000000000010000000000000          0009006468266800000000000000000000000000000000000000000042
1022542123500018830940000316741000000                         00000002336701000000DM 00000000000000000000 01090711170011100517                    100517000000000294075630940010711170000000000000000000000000000000000000000000000000000000000000000000000000000000002940000000000000000000000000000000000000000000000000000010000000000000          0005856618068200000000000000000000000000000000000000000043
1022542123500018830940000316741000000                         00000002384001000000DM 00000000000000000000 01090711170002360517                    100517000000000349075630940010711170000000000000000000000000000000000000000000000000000000000000000000000000000000003490000000000000000000000000000000000000000000000000000010000000000000          0000569370264200000000000000000000000000000000000000000044
1022542123500018830940000316741000000                         00000001639501000000DM 00000000000000000000 01060711170029221117                    101117000000000349000102100010711170000250000000000000000000000000000000000000000000000000000000000000000000000000003490000000000000000000000000000000000000000000000000000010000000000000          0005554795862000000000000000000000000000000000000000000045
1022542123500018830940000316741000000                         00000000467901000000DM 00000000000000000000 01090711170007400517                    100517000000000294075630940010711170000000000000000000000000000000000000000000000000000000000000000000000000000000002940000000000000000000000000000000000000000000000000000010000000000000          0005051206417200000000000000000000000000000000000000000046
1022542123500018830940000316741000000                         00000000166601000000DM 00000000000000000000 01090711170001140517                    100517000000000294075630940010711170000000000000000000000000000000000000000000000000000000000000000000000000000000002940000000000000000000000000000000000000000000000000000010000000000000          0004897155363400000000000000000000000000000000000000000047
1022542123500018830940000316741000000                         00000002032201000000DM 00000000000000000000 01090711170025960517                    100517000000000349075630940010711170000000000000000000000000000000000000000000000000000000000000000000000000000000003490000000000000000000000000000000000000000000000000000010000000000000          0009277829168700000000000000000000000000000000000000000048
1022542123500018830940000316741000000                         00000000733401000000DM 00000000000000000000 01090711170010200517                    100517000000000349075630940010711170000000000000000000000000000000000000000000000000000000000000000000000000000000003490000000000000000000000000000000000000000000000000000010000000000000          0003616071763400000000000000000000000000000000000000000049
1022542123500018830940000316741000000                         00000001453501000000DM 00000000000000000000 01090711170027700517                    100517000000000349075630940010711170000000000000000000000000000000000000000000000000000000000000000000000000000000003490000000000000000000000000000000000000000000000000000010000000000000          0000890660760100000000000000000000000000000000000000000050
1022542123500018830940000316741000000                         00000000419501000000DM 00000000000000000000 01090711170007010517                    100517000000000294075630940010711170000000000000000000000000000000000000000000000000000000000000000000000000000000002940000000000000000000000000000000000000000000000000000010000000000000          0006529267760400000000000000000000000000000000000000000051
1022542123500018830940000316741000000                         00000000853301000000DM 00000000000000000000 01090711170011610517                    100517000000000294075630940010711170000000000000000000000000000000000000000000000000000000000000000000000000000000002940000000000000000000000000000000000000000000000000000010000000000000          0004342743060000000000000000000000000000000000000000000052
1022542123500018830940000316741000000                         00000000925901000000DM 00000000000000000000 01090711170013270517                    100517000000000294075630940010711170000000000000000000000000000000000000000000000000000000000000000000000000000000002940000000000000000000000000000000000000000000000000000010000000000000          0005974586069700000000000000000000000000000000000000000053
1022542123500018830940000316741000000                         00000000345501000000DM 00000000000000000000 01090711170004600517                    100517000000000294075630940010711170000000000000000000000000000000000000000000000000000000000000000000000000000000002940000000000000000000000000000000000000000000000000000010000000000000          0004085395076800000000000000000000000000000000000000000054
1022542123500018830940000316741000000                         00000000529001000000DM 00000000000000000000 01090711170004160517                    100517000000000294075630940010711170000000000000000000000000000000000000000000000000000000000000000000000000000000002940000000000000000000000000000000000000000000000000000010000000000000          0009147587261500000000000000000000000000000000000000000055
1022542123500018830940000316741000000                         00000001789501000000DM 00000000000000000000 01090711170030180517                    100517000000000349075630940010711170000000000000000000000000000000000000000000000000000000000000000000000000000000003490000000000000000000000000000000000000000000000000000010000000000000          0000706059360800000000000000000000000000000000000000000056
1022542123500018830940000316741000000                         00000000685501000000DM 00000000000000000000 01090711170009500517                    100517000000000294075630940010711170000000000000000000000000000000000000000000000000000000000000000000000000000000002940000000000000000000000000000000000000000000000000000010000000000000          0002436214069700000000000000000000000000000000000000000057
1022542123500018830940000316741000000                         00000001213701000000DM 00000000000000000000 01090711170017950517                    100517000000000294075630940010711170000000000000000000000000000000000000000000000000000000000000000000000000000000002940000000000000000000000000000000000000000000000000000010000000000000          0000027258068600000000000000000000000000000000000000000058
1022542123500018830940000316741000000                         00000001900401000000DM 00000000000000000000 01090711170030380517                    100517000000000349075630940010711170000000000000000000000000000000000000000000000000000000000000000000000000000000003490000000000000000000000000000000000000000000000000000010000000000000          0000390944564000000000000000000000000000000000000000000059
1022542123500018830940000316741000000                         00000001189401000000DM 00000000000000000000 01090711170017670517                    100517000000000294075630940010711170000000000000000000000000000000000000000000000000000000000000000000000000000000002940000000000000000000000000000000000000000000000000000010000000000000          0000314784764000000000000000000000000000000000000000000060
1022542123500018830940000316741000000                         00000001645001000000DM 00000000000000000000 01090711170029260517                    100517000000000349075630940010711170000000000000000000000000000000000000000000000000000000000000000000000000000000003490000000000000000000000000000000000000000000000000000010000000000000          0001299792766800000000000000000000000000000000000000000061
1022542123500018830940000316741000000                         00000001753001000000DM 00000000000000000000 01090711170029810517                    100517000000000349075630940010711170000000000000000000000000000000000000000000000000000000000000000000000000000000003490000000000000000000000000000000000000000000000000000010000000000000          0000866105069300000000000000000000000000000000000000000062
1022542123500018830940000316741000000                         00000001828801000000DM 00000000000000000000 01090711170030400517                    100517000000000349075630940010711170000000000000000000000000000000000000000000000000000000000000000000000000000000003490000000000000000000000000000000000000000000000000000010000000000000          0009240028064900000000000000000000000000000000000000000063
1022542123500018830940000316741000000                         00000001069501000000DM 00000000000000000000 01090711170015680517                    100517000000000294075630940010711170000000000000000000000000000000000000000000000000000000000000000000000000000000002940000000000000000000000000000000000000000000000000000010000000000000          0009028457763400000000000000000000000000000000000000000064
1022542123500018830940000316741000000                         00000002092401000000DM 00000000000000000000 01090711170026650517                    100517000000000349075630940010711170000000000000000000000000000000000000000000000000000000000000000000000000000000003490000000000000000000000000000000000000000000000000000010000000000000          0000694769266000000000000000000000000000000000000000000065
1022542123500018830940000316741000000                         00000001429801000000DM 00000000000000000000 01090711170023870517                    100517000000000349075630940010711170000000000000000000000000000000000000000000000000000000000000000000000000000000003490000000000000000000000000000000000000000000000000000010000000000000          0009654065665300000000000000000000000000000000000000000066
1022542123500018830940000316741000000                         00000000130101000000DM 00000000000000000000 01090711170000600517                    100517000000000349075630940010711170000000000000000000000000000000000000000000000000000000000000000000000000000000003490000000000000000000000000000000000000000000000000000010000000000000          0005496202167200000000000000000000000000000000000000000067
1022542123500018830940000316741000000                         00000000118201000000DM 00000000000000000000 01090711170000480517                    100517000000000294075630940010711170000000000000000000000000000000000000000000000000000000000000000000000000000000002940000000000000000000000000000000000000000000000000000010000000000000          0005239992363400000000000000000000000000000000000000000068
1022542123500018830940000316741000000                         00000000274701000000DM 00000000000000000000 01090711170004110517                    100517000000000349075630940010711170000000000000000000000000000000000000000000000000000000000000000000000000000000003490000000000000000000000000000000000000000000000000000010000000000000          0007246051260000000000000000000000000000000000000000000069
1022542123500018830940000316741000000                         00000000407701000000DM 00000000000000000000 01090711170006790517                    100517000000000349075630940010711170000000000000000000000000000000000000000000000000000000000000000000000000000000003490000000000000000000000000000000000000000000000000000010000000000000          0003619380163400000000000000000000000000000000000000000070
1022542123500018830940000316741000000                         00000000541001000000DM 00000000000000000000 01090711170001540517                    100517000000000294075630940010711170000000000000000000000000000000000000000000000000000000000000000000000000000000002940000000000000000000000000000000000000000000000000000010000000000000          0008246321269100000000000000000000000000000000000000000071
1022542123500018830940000316741000000                         00000001996001000000DM 00000000000000000000 01090711170025920517                    100517000000000349075630940010711170000000000000000000000000000000000000000000000000000000000000000000000000000000003490000000000000000000000000000000000000000000000000000010000000000000          0009838358266800000000000000000000000000000000000000000072
1022542123500018830940000316741000000                         00000001393801000000DM 00000000000000000000 01090711170023330517                    100517000000000349075630940010711170000000000000000000000000000000000000000000000000000000000000000000000000000000003490000000000000000000000000000000000000000000000000000010000000000000          0005961869865300000000000000000000000000000000000000000073
1022542123500018830940000316741000000                         00000001888001000000DM 00000000000000000000 01090711170030360517                    100517000000000349075630940010711170000000000000000000000000000000000000000000000000000000000000000000000000000000003490000000000000000000000000000000000000000000000000000010000000000000          0003618392060600000000000000000000000000000000000000000074
1022542123500018830940000316741000000                         00000001296801000000DM 00000000000000000000 01090711170030200417                    100517000000000319075630940010711170000000000000000000000000000000000000000000000000000000000000000000000000000000003190000000000000000000000000000000000000000000000000000010000000000000          0000859660265800000000000000000000000000000000000000000075
1022542123500018830940000316741000000                         00000002458001000000DM 00000000000000000000 01090711170028170517                    100517000000000349075630940010711170000000000000000000000000000000000000000000000000000000000000000000000000000000003490000000000000000000000000000000000000000000000000000010000000000000          0006612029269100000000000000000000000000000000000000000076
9027563094SICOOB CREDIARA          RUA MARIA RITA DE AGUIAR                          CENTRO                        38183236ARAXÁ                         MG081120170000007500000000113                                                                                                                                                                                                                    000077
