01REMESSA01COBRANÇA       30945000327964      J REZENDE -ME                 756BANCOOBCED     0805170000042                                                                                                                                                                                                                                                                                               000001
1022542123500018830945000316741000000                         0000000027470100       0000000000          20134000411051710051700000000034907563094501010111601010102081000  20000000000000000000900000000000000000000000000100072460512600GUIOMAR FERREIRA SILVA                  SEBASTIAO FERREIRA PINTO        ,890 SALOMAO DRUM   38183970ARAXA          MG SENHOR CAIXA APOS O VENCIMENTO COBRAR J00 000002
1022542123500018830945000316741000000                         0000000121370100       0000000000          20134001795051710051700000000029407563094501018111601010102081000  20000000000000000000900000000000000000000000000100000272580686MARIA ANTONIA DE OLIVEIRA               CELIDONIO AFONSECA E SILVA      ,83  JOAO RIBEIRO   38184118ARAXA          MG SENHOR CAIXA APOS O VENCIMENTO COBRAR J00 000003
1022542123500018830945000316741000000                         0000000122480100       0000000000          20134002263041710041700000000029407563094501018111601010102081000  20000000000000000000900000000000000000000000000100024858285634DEOVISIO MOREIRA SOBRINHO               RUA OSCAR ALVES DOS SANTOS      ,60  SANTA MARIA    38181242ARAXA          MG SENHOR CAIXA APOS O VENCIMENTO COBRAR J00 000004
1022542123500018830945000316741000000                         0000000122550100       0000000000          20134002263051710051700000000029407563094501018111601010102081000  20000000000000000000900000000000000000000000000100024858285634DEOVISIO MOREIRA SOBRINHO               RUA OSCAR ALVES DOS SANTOS      ,60  SANTA MARIA    38181242ARAXA          MG SENHOR CAIXA APOS O VENCIMENTO COBRAR J00 000005
1022542123500018830945000316741000000                         0000000122630100       0000000000          20134002263061710061700000000029407563094501018111601010102081000  20000000000000000000900000000000000000000000000100024858285634DEOVISIO MOREIRA SOBRINHO               RUA OSCAR ALVES DOS SANTOS      ,60  SANTA MARIA    38181242ARAXA          MG SENHOR CAIXA APOS O VENCIMENTO COBRAR J00 000006
1022542123500018830945000316741000000                         0000000139130100       0000000000          20134002333031710031700000000034907563094501021111601010102081000  20000000000000000000900000000000000000000000000100059618698653WELLINGTON JOSE BARBOSA                 RUA SADY PERFEITO               ,372CVILA PADRE A   38182340ARAXA          MG SENHOR CAIXA APOS O VENCIMENTO COBRAR J00 000007
1022542123500018830945000316741000000                         0000000139200100       0000000000          20134002333041710041700000000034907563094501021111601010102081000  20000000000000000000900000000000000000000000000100059618698653WELLINGTON JOSE BARBOSA                 RUA SADY PERFEITO               ,372CVILA PADRE A   38182340ARAXA          MG SENHOR CAIXA APOS O VENCIMENTO COBRAR J00 000008
1022542123500018830945000316741000000                         0000000139380100       0000000000          20134002333051710051700000000034907563094501021111601010102081000  20000000000000000000900000000000000000000000000100059618698653WELLINGTON JOSE BARBOSA                 RUA SADY PERFEITO               ,372CVILA PADRE A   38182340ARAXA          MG SENHOR CAIXA APOS O VENCIMENTO COBRAR J00 000009
1022542123500018830945000316741000000                         0000000152430100       0000000000          20102002853041710041700000000034907563094501021111601010102081000  20000000000000000000900000000000000000000000000100071882294653APARECIDA DE JESUS ARMANDO              RUA JOAO MAGALHAES              ,341 JOAO RIBEIRO   38184104ARAXA          MG SENHOR CAIXA APOS O VENCIMENTO COBRAR J00 000010
1022542123500018830945000316741000000                         0000000152500100       0000000000          20102002853051710051700000000034907563094501021111601010102081000  20000000000000000000900000000000000000000000000100071882294653APARECIDA DE JESUS ARMANDO              RUA JOAO MAGALHAES              ,341 JOAO RIBEIRO   38184104ARAXA          MG SENHOR CAIXA APOS O VENCIMENTO COBRAR J00 000011
1022542123500018830945000316741000000                         0000000152680100       0000000000          20102002853061710061700000000034907563094501021111601010102081000  20000000000000000000900000000000000000000000000100071882294653APARECIDA DE JESUS ARMANDO              RUA JOAO MAGALHAES              ,341 JOAO RIBEIRO   38184104ARAXA          MG SENHOR CAIXA APOS O VENCIMENTO COBRAR J00 000012
1022542123500018830945000316741000000                         0000000152750100       0000000000          20102002853071710071700000000034907563094501021111601010102081000  20000000000000000000900000000000000000000000000100071882294653APARECIDA DE JESUS ARMANDO              RUA JOAO MAGALHAES              ,341 JOAO RIBEIRO   38184104ARAXA          MG SENHOR CAIXA APOS O VENCIMENTO COBRAR J00 000013
1022542123500018830945000316741000000                         0000000152820100       0000000000          20102002853081710081700000000034907563094501021111601010102081000  20000000000000000000900000000000000000000000000100071882294653APARECIDA DE JESUS ARMANDO              RUA JOAO MAGALHAES              ,341 JOAO RIBEIRO   38184104ARAXA          MG SENHOR CAIXA APOS O VENCIMENTO COBRAR J00 000014
1022542123500018830945000316741000000                         0000000152900100       0000000000          20102002853091710091700000000034907563094501021111601010102081000  20000000000000000000900000000000000000000000000100071882294653APARECIDA DE JESUS ARMANDO              RUA JOAO MAGALHAES              ,341 JOAO RIBEIRO   38184104ARAXA          MG SENHOR CAIXA APOS O VENCIMENTO COBRAR J00 000015
1022542123500018830945000316741000000                         0000000153080100       0000000000          20102002853101710101700000000034907563094501021111601010102081000  20000000000000000000900000000000000000000000000100071882294653APARECIDA DE JESUS ARMANDO              RUA JOAO MAGALHAES              ,341 JOAO RIBEIRO   38184104ARAXA          MG SENHOR CAIXA APOS O VENCIMENTO COBRAR J00 000016
1022542123500018830945000316741000000                         0000000153150100       0000000000          20102002853111710111700000000034907563094501021111601010102081000  20000000000000000000900000000000000000000000000100071882294653APARECIDA DE JESUS ARMANDO              RUA JOAO MAGALHAES              ,341 JOAO RIBEIRO   38184104ARAXA          MG SENHOR CAIXA APOS O VENCIMENTO COBRAR J00 000017
1022542123500018830945000316741000000                         0000000153220100       0000000000          20102002853121710121700000000034907563094501021111601010102081000  20000000000000000000900000000000000000000000000100071882294653APARECIDA DE JESUS ARMANDO              RUA JOAO MAGALHAES              ,341 JOAO RIBEIRO   38184104ARAXA          MG SENHOR CAIXA APOS O VENCIMENTO COBRAR J00 000018
1022542123500018830945000316741000000                         0000000203150100       0000000000          20134002596041710041700000000034907563094501022111601010102081000  20000000000000000000900000000000000000000000000100092778291687LENI DE FATIMA DE ALMEIDA               RUA SILVERIA GUIMARAES          ,230 BOA VISTA      38180650ARAXA          MG SENHOR CAIXA APOS O VENCIMENTO COBRAR J00 000019
1022542123500018830945000316741000000                         0000000203220100       0000000000          20134002596051710051700000000034907563094501022111601010102081000  20000000000000000000900000000000000000000000000100092778291687LENI DE FATIMA DE ALMEIDA               RUA SILVERIA GUIMARAES          ,230 BOA VISTA      38180650ARAXA          MG SENHOR CAIXA APOS O VENCIMENTO COBRAR J00 000020
1022542123500018830945000316741000000                         0000000204330100       0000000000          20134002605041710041700000000034907563094501022111601010102081000  20000000000000000000900000000000000000000000000100002581534664JOANA DARC CAETANO                      AVENIDA JOAO MOREIRA SALES      ,375 PADRE ALAOR    38180000ARAXA          MG SENHOR CAIXA APOS O VENCIMENTO COBRAR J00 000021
1022542123500018830945000316741000000                         0000000206700100       0000000000          20102002658041710041700000000034907563094501022111601010102081000  20000000000000000000900000000000000000000000000100030325978620MARIA AUXILIADORA RIBEIRO MORAES        ANTONIO PEDRO DA COSTA          ,180 SANTA TEREZI   38183260ARAXA          MG SENHOR CAIXA APOS O VENCIMENTO COBRAR J00 000022
1022542123500018830945000316741000000                         0000000206870100       0000000000          20102002658051710051700000000034907563094501022111601010102081000  20000000000000000000900000000000000000000000000100030325978620MARIA AUXILIADORA RIBEIRO MORAES        ANTONIO PEDRO DA COSTA          ,180 SANTA TEREZI   38183260ARAXA          MG SENHOR CAIXA APOS O VENCIMENTO COBRAR J00 000023
1022542123500018830945000316741000000                         0000000206940100       0000000000          20102002658061710061700000000034907563094501022111601010102081000  20000000000000000000900000000000000000000000000100030325978620MARIA AUXILIADORA RIBEIRO MORAES        ANTONIO PEDRO DA COSTA          ,180 SANTA TEREZI   38183260ARAXA          MG SENHOR CAIXA APOS O VENCIMENTO COBRAR J00 000024
1022542123500018830945000316741000000                         0000000207020100       0000000000          20102002658071710071700000000034907563094501022111601010102081000  20000000000000000000900000000000000000000000000100030325978620MARIA AUXILIADORA RIBEIRO MORAES        ANTONIO PEDRO DA COSTA          ,180 SANTA TEREZI   38183260ARAXA          MG SENHOR CAIXA APOS O VENCIMENTO COBRAR J00 000025
1022542123500018830945000316741000000                         0000000207100100       0000000000          20102002658081710081700000000034907563094501022111601010102081000  20000000000000000000900000000000000000000000000100030325978620MARIA AUXILIADORA RIBEIRO MORAES        ANTONIO PEDRO DA COSTA          ,180 SANTA TEREZI   38183260ARAXA          MG SENHOR CAIXA APOS O VENCIMENTO COBRAR J00 000026
1022542123500018830945000316741000000                         0000000207270100       0000000000          20102002658091710091700000000034907563094501022111601010102081000  20000000000000000000900000000000000000000000000100030325978620MARIA AUXILIADORA RIBEIRO MORAES        ANTONIO PEDRO DA COSTA          ,180 SANTA TEREZI   38183260ARAXA          MG SENHOR CAIXA APOS O VENCIMENTO COBRAR J00 000027
1022542123500018830945000316741000000                         0000000207340100       0000000000          20102002658101710101700000000034907563094501022111601010102081000  20000000000000000000900000000000000000000000000100030325978620MARIA AUXILIADORA RIBEIRO MORAES        ANTONIO PEDRO DA COSTA          ,180 SANTA TEREZI   38183260ARAXA          MG SENHOR CAIXA APOS O VENCIMENTO COBRAR J00 000028
1022542123500018830945000316741000000                         0000000207410100       0000000000          20102002658111710111700000000034907563094501022111601010102081000  20000000000000000000900000000000000000000000000100030325978620MARIA AUXILIADORA RIBEIRO MORAES        ANTONIO PEDRO DA COSTA          ,180 SANTA TEREZI   38183260ARAXA          MG SENHOR CAIXA APOS O VENCIMENTO COBRAR J00 000029
1022542123500018830945000316741000000                         0000000207590100       0000000000          20102002658121710121700000000034907563094501022111601010102081000  20000000000000000000900000000000000000000000000100030325978620MARIA AUXILIADORA RIBEIRO MORAES        ANTONIO PEDRO DA COSTA          ,180 SANTA TEREZI   38183260ARAXA          MG SENHOR CAIXA APOS O VENCIMENTO COBRAR J00 000030
1022542123500018830945000316741000000                         0000000238400100       0000000000          20134000236051710051700000000034907563094501012121601010102081000  20000000000000000000900000000000000000000000000100005693702642ELIMAR  NIVALDO DE PAULA                RUA JOSE GONCALO DOS SANTOS     ,165 SAO FRANCISCO  38180208ARAXA          MG SENHOR CAIXA APOS O VENCIMENTO COBRAR J00 000031
1022542123500018830945000316741000000                         0000000246910100       0000000000          20134002673041710041700000000034907563094501002011701010102081000  20000000000000000000900000000000000000000000000100009455365693JAQUELINE ALVES CORREA                  RUA BENEDITO PORTO              ,182 SANTA MONICA   38180244ARAXA          MG SENHOR CAIXA APOS O VENCIMENTO COBRAR J00 000032
9                                                                                                                                                                                                 COBRAR JUROS/DIA APOS O VENCIMENTO      COBRAR MULTA APOS O VENCIMENTO.                                                                                                                                 000033
