02RETORNO01COBRANÇA       30940000327964316741INOVA TECNOLOGIA DE INFORMACAO756 - BANCOOB S/A 3105240000590                                                                                                                                                                                                                                                                                               000001
1022542123500018830940000316741000000                         00000008159701000000DM 00000000000000000000 01090801240035790723                    100723000000000450075630940010801240000100000000000000000000000000000000000000000000000000000000000000000000000000004500000000000000000000000000000000000000000000000000000010000000000000          0000967040361800000000000000000000000000000000000000000002
1022542123500018830940000316741000000                         00000008183401000000DM 00000000000000000000 01090801240008690723                    100723000000000430075630940010801240000100000000000000000000000000000000000000000000000000000000000000000000000000004300000000000000000000000000000000000000000000000000000010000000000000          0000027442861000000000000000000000000000000000000000000003
1022542123500018830940000316741000000                         00000008195201000000DM 00000000000000000000 01090801240004530723                    100723000000000450075630940010801240000100000000000000000000000000000000000000000000000000000000000000000000000000004500000000000000000000000000000000000000000000000000000010000000000000          0000786278560600000000000000000000000000000000000000000004
1022542123500018830940000316741000000                         00000008218701000000DM 00000000000000000000 01090801240005350723                    100723000000000430075630940010801240000100000000000000000000000000000000000000000000000000000000000000000000000000004300000000000000000000000000000000000000000000000000000010000000000000          0000659773163800000000000000000000000000000000000000000005
1022542123500018830940000316741000000                         00000008255001000000DM 00000000000000000000 01090801240023040723                    100723000000000450075630940010801240000100000000000000000000000000000000000000000000000000000000000000000000000000004500000000000000000000000000000000000000000000000000000010000000000000          0004225353567200000000000000000000000000000000000000000006
1022542123500018830940000316741000000                         00000008267801000000DM 00000000000000000000 01090801240025270723                    100723000000000450075630940010801240000100000000000000000000000000000000000000000000000000000000000000000000000000004500000000000000000000000000000000000000000000000000000010000000000000          0000677178867900000000000000000000000000000000000000000007
1022542123500018830940000316741000000                         00000008327501000000DM 00000000000000000000 01090801240004160723                    100723000000000430075630940010801240000100000000000000000000000000000000000000000000000000000000000000000000000000004300000000000000000000000000000000000000000000000000000010000000000000          0009147587261500000000000000000000000000000000000000000008
1022542123500018830940000316741000000                         00000008363001000000DM 00000000000000000000 01090801240027000723                    100723000000000450075630940010801240000100000000000000000000000000000000000000000000000000000000000000000000000000004500000000000000000000000000000000000000000000000000000010000000000000          0000487456467400000000000000000000000000000000000000000009
1022542123500018830940000316741000000                         00000008375901000000DM 00000000000000000000 01090801240013890723                    100723000000000450075630940010801240000100000000000000000000000000000000000000000000000000000000000000000000000000004500000000000000000000000000000000000000000000000000000010000000000000          0000690262868800000000000000000000000000000000000000000010
1022542123500018830940000316741000000                         00000008399501000000DM 00000000000000000000 01090801240008470723                    100723000000000450075630940010801240000100000000000000000000000000000000000000000000000000000000000000000000000000004500000000000000000000000000000000000000000000000000000010000000000000          0000150671660100000000000000000000000000000000000000000011
1022542123500018830940000316741000000                         00000008422001000000DM 00000000000000000000 01090801240004910723                    100723000000000450075630940010801240000100000000000000000000000000000000000000000000000000000000000000000000000000004500000000000000000000000000000000000000000000000000000010000000000000          0002624052160400000000000000000000000000000000000000000012
9027563094SICOOB CREDIARA          R D BOSCO                                         Centro                        38183228Araxá                         MG310520240000001100000000113                                                                                                                                                                                                                    000013
