02RETORNO01COBRANÇA       30940000327964316741INOVA TECNOLOGIA DE INFORMACAO756 - BANCOOB S/A 3105240000601                                                                                                                                                                                                                                                                                               000001
1022542123500018830940000316741000000                         00000008162001000000DM 00000000000000000000 01090804240035791023                    101023000000000450075630940010804240000100000000000000000000000000000000000000000000000000000000000000000000000000004500000000000000000000000000000000000000000000000000000010000000000000          0000967040361800000000000000000000000000000000000000000002
1022542123500018830940000316741000000                         00000008186601000000DM 00000000000000000000 01090804240008691023                    101023000000000430075630940010804240000100000000000000000000000000000000000000000000000000000000000000000000000000004300000000000000000000000000000000000000000000000000000010000000000000          0000027442861000000000000000000000000000000000000000000003
1022542123500018830940000316741000000                         00000008221001000000DM 00000000000000000000 01090804240005351023                    101023000000000430075630940010804240000100000000000000000000000000000000000000000000000000000000000000000000000000004300000000000000000000000000000000000000000000000000000010000000000000          0000659773163800000000000000000000000000000000000000000004
1022542123500018830940000316741000000                         00000008258101000000DM 00000000000000000000 01090804240023041023                    101023000000000450075630940010804240000100000000000000000000000000000000000000000000000000000000000000000000000000004500000000000000000000000000000000000000000000000000000010000000000000          0004225353567200000000000000000000000000000000000000000005
1022542123500018830940000316741000000                         00000008270001000000DM 00000000000000000000 01090804240025271023                    101023000000000450075630940010804240000100000000000000000000000000000000000000000000000000000000000000000000000000004500000000000000000000000000000000000000000000000000000010000000000000          0000677178867900000000000000000000000000000000000000000006
1022542123500018830940000316741000000                         00000008330801000000DM 00000000000000000000 01090804240004161023                    101023000000000430075630940010804240000100000000000000000000000000000000000000000000000000000000000000000000000000004300000000000000000000000000000000000000000000000000000010000000000000          0009147587261500000000000000000000000000000000000000000007
1022542123500018830940000316741000000                         00000008366201000000DM 00000000000000000000 01090804240027001023                    101023000000000450075630940010804240000100000000000000000000000000000000000000000000000000000000000000000000000000004500000000000000000000000000000000000000000000000000000010000000000000          0000487456467400000000000000000000000000000000000000000008
1022542123500018830940000316741000000                         00000008378001000000DM 00000000000000000000 01090804240013891023                    101023000000000450075630940010804240000100000000000000000000000000000000000000000000000000000000000000000000000000004500000000000000000000000000000000000000000000000000000010000000000000          0000690262868800000000000000000000000000000000000000000009
1022542123500018830940000316741000000                         00000008544401000000DM 00000000000000000000 01060904240002360324                    100324000000000450010400970010904240000250000000000000000000000000000000000000000000000000000000000000000000000000004504000000000000400000000000000000000000000000000000000010000000000000          0000569370264200000000000000000000000000000000000000000010
1022542123500018830940000316741000000                         00000008545101000000DM 00000000000000000000 01060904240002360424                    100424000000000450010400970010904240000250000000000000000000000000000000000000000000000000000000000000000000000000004500000000000000000000000000000000000000000000000000000010000000000000          0000569370264200000000000000000000000000000000000000000011
1022542123500018830940000316741000000                         00000008569801000000DM 00000000000000000000 01060804240006480424                    100424000000000420010400970010804240000250000000000000000000000000000000000000000000000000000000000000000000000000004200000000000000000000000000000000000000000000000000000010000000000000          0001612677762000000000000000000000000000000000000000000012
1022542123500018830940000316741000000                         00000008581701000000DM 00000000000000000000 01061004240029010424                    100424000000000450010400970011004240000250000000000000000000000000000000000000000000000000000000000000000000000000004500000000000000000000000000000000000000000000000000000010000000000000          0002483652468700000000000000000000000000000000000000000013
9027563094SICOOB CREDIARA          R D BOSCO                                         Centro                        38183228Araxá                         MG310520240000001200000000113                                                                                                                                                                                                                    000014
