02RETORNO01COBRANÇA       30940000327964316741INOVA TECNOLOGIA DE INFORMACAO756 - BANCOOB S/A 3105240000594                                                                                                                                                                                                                                                                                               000001
1022542123500018830940000316741000000                         00000008160501000000DM 00000000000000000000 01090702240035790823                    100823000000000450075630940010702240000100000000000000000000000000000000000000000000000000000000000000000000000000004500000000000000000000000000000000000000000000000000000010000000000000          0000967040361800000000000000000000000000000000000000000002
1022542123500018830940000316741000000                         00000008184101000000DM 00000000000000000000 01090702240008690823                    100823000000000430075630940010702240000100000000000000000000000000000000000000000000000000000000000000000000000000004300000000000000000000000000000000000000000000000000000010000000000000          0000027442861000000000000000000000000000000000000000000003
1022542123500018830940000316741000000                         00000008196001000000DM 00000000000000000000 01090702240004530823                    100823000000000450075630940010702240000100000000000000000000000000000000000000000000000000000000000000000000000000004500000000000000000000000000000000000000000000000000000010000000000000          0000786278560600000000000000000000000000000000000000000004
1022542123500018830940000316741000000                         00000008219401000000DM 00000000000000000000 01090702240005350823                    100823000000000430075630940010702240000100000000000000000000000000000000000000000000000000000000000000000000000000004300000000000000000000000000000000000000000000000000000010000000000000          0000659773163800000000000000000000000000000000000000000005
1022542123500018830940000316741000000                         00000008256701000000DM 00000000000000000000 01090702240023040823                    100823000000000450075630940010702240000100000000000000000000000000000000000000000000000000000000000000000000000000004500000000000000000000000000000000000000000000000000000010000000000000          0004225353567200000000000000000000000000000000000000000006
1022542123500018830940000316741000000                         00000008268501000000DM 00000000000000000000 01090702240025270823                    100823000000000450075630940010702240000100000000000000000000000000000000000000000000000000000000000000000000000000004500000000000000000000000000000000000000000000000000000010000000000000          0000677178867900000000000000000000000000000000000000000007
1022542123500018830940000316741000000                         00000008543701000000DM 00000000000000000000 01060702240002360224                    100224000000000450010400970010702240000250000000000000000000000000000000000000000000000000000000000000000000000000004500000000000000000000000000000000000000000000000000000010000000000000          0000569370264200000000000000000000000000000000000000000008
1022542123500018830940000316741000000                         00000008567301000000DM 00000000000000000000 01060902240006480224                    100224000000000420010400970010902240000250000000000000000000000000000000000000000000000000000000000000000000000000004200000000000000000000000000000000000000000000000000000010000000000000          0001612677762000000000000000000000000000000000000000000009
1022542123500018830940000316741000000                         00000008579101000000DM 00000000000000000000 01060902240029010224                    100224000000000450010400970010902240000250000000000000000000000000000000000000000000000000000000000000000000000000004500000000000000000000000000000000000000000000000000000010000000000000          0002483652468700000000000000000000000000000000000000000010
1022542123500018830940000316741000000                         00000008639901000000DM 00000000000000000000 01060702240035800224                    100224000000000450010400970010702240000250000000000000000000000000000000000000000000000000000000000000000000000000004500000000000000000000000000000000000000000000000000000010000000000000          0008803228063400000000000000000000000000000000000000000011
1022542123500018830940000316741000000                         00000008675401000000DM 00000000000000000000 01060702240028820224                    100224000000000450021200010010702240000250000000000000000000000000000000000000000000000000000000000000000000000000004500000000000000000000000000000000000000000000000000000010000000000000          0008182941865300000000000000000000000000000000000000000012
1022542123500018830940000316741000000                         00000008710801000000DM 00000000000000000000 01060702240022820124                    100124000000000430010400970010702240000250000000000000000000000000000000000000000000000000000000000000000000000000004304000000000000400000000000000000000000000000000000000010000000000000          0007188059365300000000000000000000000000000000000000000013
1022542123500018830940000316741000000                         00000008328201000000DM 00000000000000000000 01090702240004160823                    100823000000000430075630940010702240000100000000000000000000000000000000000000000000000000000000000000000000000000004300000000000000000000000000000000000000000000000000000010000000000000          0009147587261500000000000000000000000000000000000000000014
1022542123500018830940000316741000000                         00000008364801000000DM 00000000000000000000 01090702240027000823                    100823000000000450075630940010702240000100000000000000000000000000000000000000000000000000000000000000000000000000004500000000000000000000000000000000000000000000000000000010000000000000          0000487456467400000000000000000000000000000000000000000015
1022542123500018830940000316741000000                         00000008376601000000DM 00000000000000000000 01090702240013890823                    100823000000000450075630940010702240000100000000000000000000000000000000000000000000000000000000000000000000000000004500000000000000000000000000000000000000000000000000000010000000000000          0000690262868800000000000000000000000000000000000000000016
1022542123500018830940000316741000000                         00000008508901000000DM 00000000000000000000 01060902240011030224                    100224000000000430010400970010902240000250000000000000000000000000000000000000000000000000000000000000000000000000004300000000000000000000000000000000000000000000000000000010000000000000          0008715135969100000000000000000000000000000000000000000017
1022542123500018830940000316741000000                         00000008520801000000DM 00000000000000000000 01060502240010200224                    100224000000000400010400970010502240000250000000000000000000000000000000000000000000000000000000000000000000000000004000000000000000000000000000000000000000000000000000000010000000000000          0003616071763400000000000000000000000000000000000000000018
1022542123500018830940000316741000000                         00000008542001000000DM 00000000000000000000 01060702240002360124                    100124000000000450010400970010702240000250000000000000000000000000000000000000000000000000000000000000000000000000004504000000000000400000000000000000000000000000000000000010000000000000          0000569370264200000000000000000000000000000000000000000019
9027563094SICOOB CREDIARA          R D BOSCO                                         Centro                        38183228Araxá                         MG310520240000001800000000113                                                                                                                                                                                                                    000020
