02RETORNO01COBRANÇA       30940000327964316741INOVA TECNOLOGIA DE INFORMACAO756 - BANCOOB S/A 3105240000598                                                                                                                                                                                                                                                                                               000001
1022542123500018830940000316741000000                         00000008161201000000DM 00000000000000000000 01091103240035790923                    100923000000000450075630940011103240000100000000000000000000000000000000000000000000000000000000000000000000000000004500000000000000000000000000000000000000000000000000000010000000000000          0000967040361800000000000000000000000000000000000000000002
1022542123500018830940000316741000000                         00000008185901000000DM 00000000000000000000 01091103240008690923                    100923000000000430075630940011103240000100000000000000000000000000000000000000000000000000000000000000000000000000004300000000000000000000000000000000000000000000000000000010000000000000          0000027442861000000000000000000000000000000000000000000003
1022542123500018830940000316741000000                         00000008197701000000DM 00000000000000000000 01091103240004530923                    100923000000000450075630940011103240000100000000000000000000000000000000000000000000000000000000000000000000000000004500000000000000000000000000000000000000000000000000000010000000000000          0000786278560600000000000000000000000000000000000000000004
1022542123500018830940000316741000000                         00000008220201000000DM 00000000000000000000 01091103240005350923                    100923000000000430075630940011103240000100000000000000000000000000000000000000000000000000000000000000000000000000004300000000000000000000000000000000000000000000000000000010000000000000          0000659773163800000000000000000000000000000000000000000005
1022542123500018830940000316741000000                         00000008257401000000DM 00000000000000000000 01091103240023040923                    100923000000000450075630940011103240000100000000000000000000000000000000000000000000000000000000000000000000000000004500000000000000000000000000000000000000000000000000000010000000000000          0004225353567200000000000000000000000000000000000000000006
1022542123500018830940000316741000000                         00000008269201000000DM 00000000000000000000 01091103240025270923                    100923000000000450075630940011103240000100000000000000000000000000000000000000000000000000000000000000000000000000004500000000000000000000000000000000000000000000000000000010000000000000          0000677178867900000000000000000000000000000000000000000007
1022542123500018830940000316741000000                         00000008616001000000DM 00000000000000000000 01061103240008470324                    100324000000000450010447510011103240000250000000000000000000000000000000000000000000000000000000000000000000000000004500000000000000000000000000000000000000000000000000000010000000000000          0000150671660100000000000000000000000000000000000000000008
1022542123500018830940000316741000000                         00000008640701000000DM 00000000000000000000 01061103240035800324                    100324000000000450010400970011103240000250000000000000000000000000000000000000000000000000000000000000000000000000004500000000000000000000000000000000000000000000000000000010000000000000          0008803228063400000000000000000000000000000000000000000009
1022542123500018830940000316741000000                         00000008711501000000DM 00000000000000000000 01061203240022820224                    100224000000000430010400970011203240000250000000000000000000000000000000000000000000000000000000000000000000000000004304000000000000400000000000000000000000000000000000000010000000000000          0007188059365300000000000000000000000000000000000000000010
1022542123500018830940000316741000000                         00000008329001000000DM 00000000000000000000 01091103240004160923                    100923000000000430075630940011103240000100000000000000000000000000000000000000000000000000000000000000000000000000004300000000000000000000000000000000000000000000000000000010000000000000          0009147587261500000000000000000000000000000000000000000011
1022542123500018830940000316741000000                         00000008365501000000DM 00000000000000000000 01091103240027000923                    100923000000000450075630940011103240000100000000000000000000000000000000000000000000000000000000000000000000000000004500000000000000000000000000000000000000000000000000000010000000000000          0000487456467400000000000000000000000000000000000000000012
1022542123500018830940000316741000000                         00000008377301000000DM 00000000000000000000 01091103240013890923                    100923000000000450075630940011103240000100000000000000000000000000000000000000000000000000000000000000000000000000004500000000000000000000000000000000000000000000000000000010000000000000          0000690262868800000000000000000000000000000000000000000013
1022542123500018830940000316741000000                         00000008580001000000DM 00000000000000000000 01061203240029010324                    100324000000000450010400970011203240000250000000000000000000000000000000000000000000000000000000000000000000000000004504000000000000400000000000000000000000000000000000000010000000000000          0002483652468700000000000000000000000000000000000000000014
1022542123500018830940000316741000000                         00000008614501000000DM 00000000000000000000 01061103240008470124                    100124000000000450010447510011103240000250000000000000000000000000000000000000000000000000000000000000000000000000004504000000000000400000000000000000000000000000000000000010000000000000          0000150671660100000000000000000000000000000000000000000015
1022542123500018830940000316741000000                         00000008615201000000DM 00000000000000000000 01061103240008470224                    100224000000000450010447510011103240000250000000000000000000000000000000000000000000000000000000000000000000000000004504000000000000400000000000000000000000000000000000000010000000000000          0000150671660100000000000000000000000000000000000000000016
9027563094SICOOB CREDIARA          R D BOSCO                                         Centro                        38183228Araxá                         MG310520240000001500000000113                                                                                                                                                                                                                    000017
