02RETORNO01COBRANÇA       30940000327964316741INOVA TECNOLOGIA DE INFORMACAO756 - BANCOOB S/A 3105240000591                                                                                                                                                                                                                                                                                               000001
1022542123500018830940000316741000000                         00000008198401000000DM 00000000000000000000 01101501240004531023                    101023000000000450075630940011501240000100000000000000000000000000000000000000000000000000000000000000000000000000004500000000000000000000000000000000000000000000000000000010000000000000          0000786278560600000000000000000000000000000000000000000002
1022542123500018830940000316741000000                         00000008199101000000DM 00000000000000000000 01101501240004531123                    101123000000000450075630940011501240000100000000000000000000000000000000000000000000000000000000000000000000000000004500000000000000000000000000000000000000000000000000000010000000000000          0000786278560600000000000000000000000000000000000000000003
1022542123500018830940000316741000000                         00000008400901000000DM 00000000000000000000 01101501240008470823                    100823000000000450075630940011501240000100000000000000000000000000000000000000000000000000000000000000000000000000004500000000000000000000000000000000000000000000000000000010000000000000          0000150671660100000000000000000000000000000000000000000004
1022542123500018830940000316741000000                         00000008401601000000DM 00000000000000000000 01101501240008470923                    100923000000000450075630940011501240000100000000000000000000000000000000000000000000000000000000000000000000000000004500000000000000000000000000000000000000000000000000000010000000000000          0000150671660100000000000000000000000000000000000000000005
1022542123500018830940000316741000000                         00000008402301000000DM 00000000000000000000 01101501240008471023                    101023000000000450075630940011501240000100000000000000000000000000000000000000000000000000000000000000000000000000004500000000000000000000000000000000000000000000000000000010000000000000          0000150671660100000000000000000000000000000000000000000006
1022542123500018830940000316741000000                         00000008403001000000DM 00000000000000000000 01101501240008471123                    101123000000000450075630940011501240000100000000000000000000000000000000000000000000000000000000000000000000000000004500000000000000000000000000000000000000000000000000000010000000000000          0000150671660100000000000000000000000000000000000000000007
1022542123500018830940000316741000000                         00000008423801000000DM 00000000000000000000 01101501240004910823                    100823000000000450075630940011501240000100000000000000000000000000000000000000000000000000000000000000000000000000004500000000000000000000000000000000000000000000000000000010000000000000          0002624052160400000000000000000000000000000000000000000008
1022542123500018830940000316741000000                         00000008424501000000DM 00000000000000000000 01101501240004910923                    100923000000000450075630940011501240000100000000000000000000000000000000000000000000000000000000000000000000000000004500000000000000000000000000000000000000000000000000000010000000000000          0002624052160400000000000000000000000000000000000000000009
1022542123500018830940000316741000000                         00000008425201000000DM 00000000000000000000 01101501240004911023                    101023000000000450075630940011501240000100000000000000000000000000000000000000000000000000000000000000000000000000004500000000000000000000000000000000000000000000000000000010000000000000          0002624052160400000000000000000000000000000000000000000010
1022542123500018830940000316741000000                         00000008426001000000DM 00000000000000000000 01101501240004911123                    101123000000000450075630940011501240000100000000000000000000000000000000000000000000000000000000000000000000000000004500000000000000000000000000000000000000000000000000000010000000000000          0002624052160400000000000000000000000000000000000000000011
1022542123500018830940000316741000000                         00000008427701000000DM 00000000000000000000 01101501240004911223                    101223000000000450075630940011501240000100000000000000000000000000000000000000000000000000000000000000000000000000004500000000000000000000000000000000000000000000000000000010000000000000          0002624052160400000000000000000000000000000000000000000012
9027563094SICOOB CREDIARA          R D BOSCO                                         Centro                        38183228Araxá                         MG310520240000001100000000113                                                                                                                                                                                                                    000013
