02RETORNO01COBRANÇA       30940000327964316741INOVA TECNOLOGIA DE INFORMACAO756 - BANCOOB S/A 3105240000596                                                                                                                                                                                                                                                                                               000001
1022542123500018830940000316741000000                         00000008676101000000DM 00000000000000000000 01062602240028820324                    100324000000000450010400970012602240000250000000000000000000000000000000000000000000000000000000000000000000000000004500000000000000000000000000000000000000000000000000000010000000000000          0008182941865300000000000000000000000000000000000000000002
9027563094SICOOB CREDIARA          R D BOSCO                                         Centro                        38183228Araxá                         MG310520240000000100000000113                                                                                                                                                                                                                    000003
