02RETORNO01COBRANÇA       30940000327964316741INOVA TECNOLOGIA DE INFORMACAO756 - BANCOOB S/A 3105240000607                                                                                                                                                                                                                                                                                               000001
1022542123500018830940000316741000000                         00000008487901000000DM 00000000000000000000 01062205240011610524                    100524000000000430010400970012205240000250000000000000000000000000000000000000000000000000000000000000000000000000004304000000000000400000000000000000000000000000000000000010000000000000          0004342743060000000000000000000000000000000000000000000002
1022542123500018830940000316741000000                         00000008654001000000DM 00000000000000000000 01062405240022690524                    100524000000000450010400970012405240000250000000000000000000000000000000000000000000000000000000000000000000000000004504000000000000400000000000000000000000000000000000000010000000000000          0006307307269100000000000000000000000000000000000000000003
9027563094SICOOB CREDIARA          R D BOSCO                                         Centro                        38183228Araxá                         MG310520240000000200000000113                                                                                                                                                                                                                    000004
