02RETORNO01COBRANÇA       30940000327964316741INOVA TECNOLOGIA DE INFORMACAO756 - BANCOOB S/A 3105240000599                                                                                                                                                                                                                                                                                               000001
1022542123500018830940000316741000000                         00000008652501000000DM 00000000000000000000 01062503240022690324                    100324000000000450010400970012503240000250000000000000000000000000000000000000000000000000000000000000000000000000004504000000000000400000000000000000000000000000000000000010000000000000          0006307307269100000000000000000000000000000000000000000002
1022542123500018830940000316741000000                         00000008677901000000DM 00000000000000000000 01062603240028820424                    100424000000000450010447510012603240000250000000000000000000000000000000000000000000000000000000000000000000000000004500000000000000000000000000000000000000000000000000000010000000000000          0008182941865300000000000000000000000000000000000000000003
9027563094SICOOB CREDIARA          R D BOSCO                                         Centro                        38183228Araxá                         MG310520240000000200000000113                                                                                                                                                                                                                    000004
