02RETORNO01COBRANÇA       30940000327964316741INOVA TECNOLOGIA DE INFORMACAO756 - BANCOOB S/A 3105240000593                                                                                                                                                                                                                                                                                               000001
1022542123500018830940000316741000000                         00000008650001000000DM 00000000000000000000 01060102240022690124                    100124000000000450010400970010102240000250000000000000000000000000000000000000000000000000000000000000000000000000004504000000000000400000000000000000000000000000000000000010000000000000          0006307307269100000000000000000000000000000000000000000002
9027563094SICOOB CREDIARA          R D BOSCO                                         Centro                        38183228Araxá                         MG310520240000000100000000113                                                                                                                                                                                                                    000003
