02RETORNO01COBRANÇA       30940000327964316741INOVA TECNOLOGIA DE INFORMACAO756 - BANCOOB S/A 3105240000592                                                                                                                                                                                                                                                                                               000001
1022542123500018830940000316741000000                         00000008483001000000DM 00000000000000000000 01063101240011610124                    100124000000000430010400970013101240000250000000000000000000000000000000000000000000000000000000000000000000000000004304000000000000400000000000000000000000000000000000000010000000000000          0004342743060000000000000000000000000000000000000000000002
9027563094SICOOB CREDIARA          R D BOSCO                                         Centro                        38183228Araxá                         MG310520240000000100000000113                                                                                                                                                                                                                    000003
