02RETORNO01COBRANÇA       30940000327964316741INOVA TECNOLOGIA DE INFORMACAO756 - BANCOOB S/A 3105240000605                                                                                                                                                                                                                                                                                               000001
1022542123500018830940000316741000000                         00000008163701000000DM 00000000000000000000 01090905240035791123                    101123000000000450075630940010905240000100000000000000000000000000000000000000000000000000000000000000000000000000004500000000000000000000000000000000000000000000000000000010000000000000          0000967040361800000000000000000000000000000000000000000002
1022542123500018830940000316741000000                         00000008187301000000DM 00000000000000000000 01090905240008691123                    101123000000000430075630940010905240000100000000000000000000000000000000000000000000000000000000000000000000000000004300000000000000000000000000000000000000000000000000000010000000000000          0000027442861000000000000000000000000000000000000000000003
1022542123500018830940000316741000000                         00000008222701000000DM 00000000000000000000 01090905240005351123                    101123000000000430075630940010905240000100000000000000000000000000000000000000000000000000000000000000000000000000004300000000000000000000000000000000000000000000000000000010000000000000          0000659773163800000000000000000000000000000000000000000004
1022542123500018830940000316741000000                         00000008259901000000DM 00000000000000000000 01090905240023041123                    101123000000000450075630940010905240000100000000000000000000000000000000000000000000000000000000000000000000000000004500000000000000000000000000000000000000000000000000000010000000000000          0004225353567200000000000000000000000000000000000000000005
1022542123500018830940000316741000000                         00000008271801000000DM 00000000000000000000 01090905240025271123                    101123000000000450075630940010905240000100000000000000000000000000000000000000000000000000000000000000000000000000004500000000000000000000000000000000000000000000000000000010000000000000          0000677178867900000000000000000000000000000000000000000006
1022542123500018830940000316741000000                         00000008331501000000DM 00000000000000000000 01090905240004161123                    101123000000000430075630940010905240000100000000000000000000000000000000000000000000000000000000000000000000000000004300000000000000000000000000000000000000000000000000000010000000000000          0009147587261500000000000000000000000000000000000000000007
1022542123500018830940000316741000000                         00000008642101000000DM 00000000000000000000 01060705240035800524                    100524000000000450010400970010705240000250000000000000000000000000000000000000000000000000000000000000000000000000004500000000000000000000000000000000000000000000000000000010000000000000          0008803228063400000000000000000000000000000000000000000008
1022542123500018830940000316741000000                         00000008678601000000DM 00000000000000000000 01060705240028820524                    100524000000000450010400970010705240000250000000000000000000000000000000000000000000000000000000000000000000000000004500000000000000000000000000000000000000000000000000000010000000000000          0008182941865300000000000000000000000000000000000000000009
1022542123500018830940000316741000000                         00000008523001000000DM 00000000000000000000 01060805240010200524                    100524000000000400010447510010805240000250000000000000000000000000000000000000000000000000000000000000000000000000004000000000000000000000000000000000000000000000000000000010000000000000          0003616071763400000000000000000000000000000000000000000010
1022542123500018830940000316741000000                         00000008546901000000DM 00000000000000000000 01060705240002360524                    100524000000000450010400970010705240000250000000000000000000000000000000000000000000000000000000000000000000000000004500000000000000000000000000000000000000000000000000000010000000000000          0000569370264200000000000000000000000000000000000000000011
1022542123500018830940000316741000000                         00000008570601000000DM 00000000000000000000 01060905240006480524                    100524000000000420010400970010905240000250000000000000000000000000000000000000000000000000000000000000000000000000004200000000000000000000000000000000000000000000000000000010000000000000          0001612677762000000000000000000000000000000000000000000012
1022542123500018830940000316741000000                         00000008582401000000DM 00000000000000000000 01060905240029010524                    100524000000000450010400970010905240000250000000000000000000000000000000000000000000000000000000000000000000000000004500000000000000000000000000000000000000000000000000000010000000000000          0002483652468700000000000000000000000000000000000000000013
1022542123500018830940000316741000000                         00000008617701000000DM 00000000000000000000 01060805240008470424                    100424000000000450010400970010805240000250000000000000000000000000000000000000000000000000000000000000000000000000004504000000000000400000000000000000000000000000000000000010000000000000          0000150671660100000000000000000000000000000000000000000014
1022542123500018830940000316741000000                         00000008618401000000DM 00000000000000000000 01060805240008470524                    100524000000000450010400970010805240000250000000000000000000000000000000000000000000000000000000000000000000000000004500000000000000000000000000000000000000000000000000000010000000000000          0000150671660100000000000000000000000000000000000000000015
1022542123500018830940000316741000000                         00000008343301000000DM 00000000000000000000 01090905240000411123                    101123000000000430075630940010905240000100000000000000000000000000000000000000000000000000000000000000000000000000004300000000000000000000000000000000000000000000000000000010000000000000          0000565324365500000000000000000000000000000000000000000016
1022542123500018830940000316741000000                         00000008367001000000DM 00000000000000000000 01090905240027001123                    101123000000000450075630940010905240000100000000000000000000000000000000000000000000000000000000000000000000000000004500000000000000000000000000000000000000000000000000000010000000000000          0000487456467400000000000000000000000000000000000000000017
1022542123500018830940000316741000000                         00000008379801000000DM 00000000000000000000 01090905240013891123                    101123000000000450075630940010905240000100000000000000000000000000000000000000000000000000000000000000000000000000004500000000000000000000000000000000000000000000000000000010000000000000          0000690262868800000000000000000000000000000000000000000018
1022542123500018830940000316741000000                         00000008439501000000DM 00000000000000000000 01090905240035831123                    101123000000000450075630940010905240000100000000000000000000000000000000000000000000000000000000000000000000000000004500000000000000000000000000000000000000000000000000000010000000000000          0001164956566600000000000000000000000000000000000000000019
1022542123500018830940000316741000000                         00000008482201000000DM 00000000000000000000 01090905241000251123                    101123000000001045075630940010905240000100000000000000000000000000000000000000000000000000000000000000000000000000010450000000000000000000000000000000000000000000000000000010000000000000          2604146700017300000000000000000000000000000000000000000020
1022542123500018830940000316741000000                         00000008511101000000DM 00000000000000000000 01060905240011030524                    100524000000000430010400970010905240000250000000000000000000000000000000000000000000000000000000000000000000000000004300000000000000000000000000000000000000000000000000000010000000000000          0008715135969100000000000000000000000000000000000000000021
9027563094SICOOB CREDIARA          R D BOSCO                                         Centro                        38183228Araxá                         MG310520240000002000000000113                                                                                                                                                                                                                    000022
