02RETORNO01COBRANÇA       30940000327964316741INOVA TECNOLOGIA DE INFORMACAO756 - BANCOOB S/A 3105240000606                                                                                                                                                                                                                                                                                               000001
1022542123500018830940000316741000000                         00000008629501000000DM 00000000000000000000 01061405240010140424                    100424000000000420010400970011405240000250000000000000000000000000000000000000000000000000000000000000000000000000004204000000000000400000000000000000000000000000000000000010000000000000          0005764752663400000000000000000000000000000000000000000002
1022542123500018830940000316741000000                         00000008630301000000DM 00000000000000000000 01061405240010140524                    100524000000000420010400970011405240000250000000000000000000000000000000000000000000000000000000000000000000000000004204000000000000400000000000000000000000000000000000000010000000000000          0005764752663400000000000000000000000000000000000000000003
1022542123500018830940000316741000000                         00000008714701000000DM 00000000000000000000 01061405240022820524                    100524000000000430010400970011405240000250000000000000000000000000000000000000000000000000000000000000000000000000004304000000000000400000000000000000000000000000000000000010000000000000          0007188059365300000000000000000000000000000000000000000004
9027563094SICOOB CREDIARA          R D BOSCO                                         Centro                        38183228Araxá                         MG310520240000000300000000113                                                                                                                                                                                                                    000005
