02RETORNO01COBRANÇA       30940000327964316741INOVA TECNOLOGIA DE INFORMACAO756 - BANCOOB S/A 3105240000600                                                                                                                                                                                                                                                                                               000001
1022542123500018830940000316741000000                         00000008485401000000DM 00000000000000000000 01060304240011610324                    100324000000000430010400970010304240000250000000000000000000000000000000000000000000000000000000000000000000000000004304000000000000400000000000000000000000000000000000000010000000000000          0004342743060000000000000000000000000000000000000000000002
1022542123500018830940000316741000000                         00000008510401000000DM 00000000000000000000 01060404240011030424                    100424000000000430010400970010404240000250000000000000000000000000000000000000000000000000000000000000000000000000004300000000000000000000000000000000000000000000000000000010000000000000          0008715135969100000000000000000000000000000000000000000003
1022542123500018830940000316741000000                         00000008522201000000DM 00000000000000000000 01060504240010200424                    100424000000000400010447510010504240000250000000000000000000000000000000000000000000000000000000000000000000000000004000000000000000000000000000000000000000000000000000000010000000000000          0003616071763400000000000000000000000000000000000000000004
1022542123500018830940000316741000000                         00000008641401000000DM 00000000000000000000 01060404240035800424                    100424000000000450010400970010404240000250000000000000000000000000000000000000000000000000000000000000000000000000004500000000000000000000000000000000000000000000000000000010000000000000          0008803228063400000000000000000000000000000000000000000005
9027563094SICOOB CREDIARA          R D BOSCO                                         Centro                        38183228Araxá                         MG310520240000000400000000113                                                                                                                                                                                                                    000006
