02RETORNO01COBRANÇA       30940000327964316741INOVA TECNOLOGIA DE INFORMACAO756 - BANCOOB S/A 3105240000597                                                                                                                                                                                                                                                                                               000001
1022542123500018830940000316741000000                         00000008484701000000DM 00000000000000000000 01060403240011610224                    100224000000000430010400970010403240000250000000000000000000000000000000000000000000000000000000000000000000000000004304000000000000400000000000000000000000000000000000000010000000000000          0004342743060000000000000000000000000000000000000000000002
1022542123500018830940000316741000000                         00000008509601000000DM 00000000000000000000 01060803240011030324                    100324000000000430010400970010803240000250000000000000000000000000000000000000000000000000000000000000000000000000004300000000000000000000000000000000000000000000000000000010000000000000          0008715135969100000000000000000000000000000000000000000003
1022542123500018830940000316741000000                         00000008521501000000DM 00000000000000000000 01060703240010200324                    100324000000000400010447510010703240000250000000000000000000000000000000000000000000000000000000000000000000000000004000000000000000000000000000000000000000000000000000000010000000000000          0003616071763400000000000000000000000000000000000000000004
1022542123500018830940000316741000000                         00000008568001000000DM 00000000000000000000 01060803240006480324                    100324000000000420010400970010803240000250000000000000000000000000000000000000000000000000000000000000000000000000004200000000000000000000000000000000000000000000000000000010000000000000          0001612677762000000000000000000000000000000000000000000005
9027563094SICOOB CREDIARA          R D BOSCO                                         Centro                        38183228Araxá                         MG310520240000000400000000113                                                                                                                                                                                                                    000006
