02RETORNO01COBRANÇA       30940000327964316741INOVA TECNOLOGIA DE INFORMACAO756 - BANCOOB S/A 3105240000602                                                                                                                                                                                                                                                                                               000001
1022542123500018830940000316741000000                         00000008712201000000DM 00000000000000000000 01061504240022820324                    100324000000000430010400970011504240000250000000000000000000000000000000000000000000000000000000000000000000000000004304000000000000400000000000000000000000000000000000000010000000000000          0007188059365300000000000000000000000000000000000000000002
1022542123500018830940000316741000000                         00000008713001000000DM 00000000000000000000 01061504240022820424                    100424000000000430010400970011504240000250000000000000000000000000000000000000000000000000000000000000000000000000004304000000000000400000000000000000000000000000000000000010000000000000          0007188059365300000000000000000000000000000000000000000003
9027563094SICOOB CREDIARA          R D BOSCO                                         Centro                        38183228Araxá                         MG310520240000000200000000113                                                                                                                                                                                                                    000004
