02RETORNO01COBRANÇA       30940000327964316741J REZENDE                     756 - BANCOOB S/A 1405200000402                                                                                                                                                                                                                                                                                               000001
1022542123500018830940000316741000000                         00000005398001000000DM 00000000000000000000 01092004200024541019                    201019000000000374075630940012004200000100000000000000000000000000000000000000000000000000000000000000000000000000003740000000000000000000000000000000000000000000000000000010000000000000          0000847276465600000000000000000000000000000000000000000002
1022542123500018830940000316741000000                         00000005889301000000DM 00000000000000000000 01092204201000120919                    231019000000000349075630940012204200000100000000000000000000000000000000000000000000000000000000000000000000000000003490000000000000000000000000000000000000000000000000000010000000000000          7097216100012200000000000000000000000000000000000000000003
1022542123500018830940000316741000000                         00000006636901000000DM 00000000000000000000 01062404200002360520                    100520000000000400010400970012404200000250000000000000000000000000000000000000000000000000000000000000000000000000004000000000000000000000000000000000000000000000000000000010000000000000          0000569370264200000000000000000000000000000000000000000004
1022542123500018830940000316741000000                         00000006010701000000DM 00000000000000000000 01062004200002470220                    100220000000000360010400970012004200000250000000000000000000000000000000000000000000000000000000000000000000000000003603000000000000300000000000000000000000000000000000000010000000000000          0000356167569700000000000000000000000000000000000000000005
9027563094SICOOB CREDIARA          R D BOSCO                                         Centro                        38183228Araxá                         MG140520200000000400000000113                                                                                                                                                                                                                    000006
