02RETORNO01COBRANÇA       30940000327964316741J REZENDE                     756 - BANCOOB S/A 2707180000245                                                                                                                                                                                                                                                                                               000001
1022542123500018830940000316741000000                         00000003837201000000DM 00000000000000000000 01062307180030140818                    100818000000000374010400970012307180000250000000000000000000000000000000000000000000000000000000000000000000000000003740000000000000000000000000000000000000000000000000000010000000000000          0000506908968400000000000000000000000000000000000000000002
9027563094SICOOB CREDIARA          RUA MARIA RITA DE AGUIAR                          CENTRO                        38183236ARAXÁ                         MG270720180000000100000000113                                                                                                                                                                                                                    000003
