02RETORNO01COBRANÇA       30940000327964316741J REZENDE                     756 - BANCOOB S/A 1707180000241                                                                                                                                                                                                                                                                                               000001
1022542123500018830940000316741000000                         00000004500401000000DM 00000000000000000000 01061107180030680718                    100718000000000374075630940011107180000250000000000000000000000000000000000000000000000000000000000000000000000000004118000000000037800000000000000000000000000000000000000010000000000000          0000377887650300000000000000000000000000000000000000000002
1022542123500018830940000316741000000                         00000004608401000000DM 00000000000000000000 01061107181000070618                    100718000000001047034109440011107180000250000000000000000000000000000000000000000000000000000000000000000000000000010483000000000001300000000000000000000000000000000000000010000000000000          7097303700069600000000000000000000000000000000000000000003
1022542123500018830940000316741000000                         00000004611701000000DM 00000000000000000000 01061107181000150618                    100718000000000349034109440011107180000250000000000000000000000000000000000000000000000000000000000000000000000000003494000000000000400000000000000000000000000000000000000010000000000000          7097303700093900000000000000000000000000000000000000000004
1022542123500018830940000316741000000                         00000004609101000000DM 00000000000000000000 01061107181000100618                    100718000000000349034109440011107180000250000000000000000000000000000000000000000000000000000000000000000000000000003494000000000000400000000000000000000000000000000000000010000000000000          7097303700034300000000000000000000000000000000000000000005
1022542123500018830940000316741000000                         00000004610001000000DM 00000000000000000000 01061107181000120618                    100718000000000698034109440011107180000250000000000000000000000000000000000000000000000000000000000000000000000000006988000000000000800000000000000000000000000000000000000010000000000000          7097216100012200000000000000000000000000000000000000000006
9027563094SICOOB CREDIARA          RUA MARIA RITA DE AGUIAR                          CENTRO                        38183236ARAXÁ                         MG170720180000000500000000113                                                                                                                                                                                                                    000007
