02RETORNO01COBRANÇA       30940000327964316741J REZENDE                     756 - BANCOOB S/A 0107180000237                                                                                                                                                                                                                                                                                               000001
1022542123500018830940000316741000000                         00000003931001000000DM 00000000000000000000 01062206180026050618                    100618000000000374075630940012206180000250000000000000000000000000000000000000000000000000000000000000000000000000004126000000000038600000000000000000000000000000000000000010000000000000          0000258153466400000000000000000000000000000000000000000002
1022542123500018830940000316741000000                         00000004270401000000DM 00000000000000000000 01102106180030590918                    100918000000000374075630940012106180000100000000000000000000000000000000000000000000000000000000000000000000000000003740000000000000000000000000000000000000000000000000000010000000000000          0002738312160000000000000000000000000000000000000000000003
1022542123500018830940000316741000000                         00000004273601000000DM 00000000000000000000 01102106180030591218                    101218000000000374075630940012106180000100000000000000000000000000000000000000000000000000000000000000000000000000003740000000000000000000000000000000000000000000000000000010000000000000          0002738312160000000000000000000000000000000000000000000004
1022542123500018830940000316741000000                         00000004602001000000DM 00000000000000000000 01061906181000150518                    100618000000000349010400970011906180000250000000000000000000000000000000000000000000000000000000000000000000000000003490000000000000000000000000000000000000000000000000000010000000000000          7097303700093900000000000000000000000000000000000000000005
1022542123500018830940000316741000000                         00000004268901000000DM 00000000000000000000 01102106180030590718                    100718000000000374075630940012106180000100000000000000000000000000000000000000000000000000000000000000000000000000003740000000000000000000000000000000000000000000000000000010000000000000          0002738312160000000000000000000000000000000000000000000006
1022542123500018830940000316741000000                         00000004272901000000DM 00000000000000000000 01102106180030591118                    101118000000000374075630940012106180000100000000000000000000000000000000000000000000000000000000000000000000000000003740000000000000000000000000000000000000000000000000000010000000000000          0002738312160000000000000000000000000000000000000000000007
1022542123500018830940000316741000000                         00000004601301000000DM 00000000000000000000 01061906181000120518                    100618000000000698010400970011906180000250000000000000000000000000000000000000000000000000000000000000000000000000006980000000000000000000000000000000000000000000000000000010000000000000          7097216100012200000000000000000000000000000000000000000008
1022542123500018830940000316741000000                         00000003411401000000DM 00000000000000000000 01102106180025830618                    100618000000000374075630940012106180000100000000000000000000000000000000000000000000000000000000000000000000000000003740000000000000000000000000000000000000000000000000000010000000000000          0000512870969800000000000000000000000000000000000000000009
1022542123500018830940000316741000000                         00000004269601000000DM 00000000000000000000 01102106180030590818                    100818000000000374075630940012106180000100000000000000000000000000000000000000000000000000000000000000000000000000003740000000000000000000000000000000000000000000000000000010000000000000          0002738312160000000000000000000000000000000000000000000010
1022542123500018830940000316741000000                         00000003980101000000DM 00000000000000000000 01062006180026740718                    100718000000000374023716910012006180000250000000000000000000000000000000000000000000000000000000000000000000000000003740000000000000000000000000000000000000000000000000000010000000000000          0000954360460600000000000000000000000000000000000000000011
1022542123500018830940000316741000000                         00000004600601000000DM 00000000000000000000 01061906181000100518                    100618000000000349010400970011906180000250000000000000000000000000000000000000000000000000000000000000000000000000003490000000000000000000000000000000000000000000000000000010000000000000          7097303700034300000000000000000000000000000000000000000012
1022542123500018830940000316741000000                         00000004271101000000DM 00000000000000000000 01102106180030591018                    101018000000000374075630940012106180000100000000000000000000000000000000000000000000000000000000000000000000000000003740000000000000000000000000000000000000000000000000000010000000000000          0002738312160000000000000000000000000000000000000000000013
1022542123500018830940000316741000000                         00000004599201000000DM 00000000000000000000 01061906181000070518                    100618000000001047010400970011906180000250000000000000000000000000000000000000000000000000000000000000000000000000010470000000000000000000000000000000000000000000000000000010000000000000          7097303700069600000000000000000000000000000000000000000014
9027563094SICOOB CREDIARA          RUA MARIA RITA DE AGUIAR                          CENTRO                        38183236ARAXÁ                         MG110720180000001300000000113                                                                                                                                                                                                                    000015
