02RETORNO01COBRANÇA       30940000327964316741J REZENDE                     756 - BANCOOB S/A 0207180000238                                                                                                                                                                                                                                                                                               000001
1022542123500018830940000316741000000                         00000003436801000000DM 00000000000000000000 01062906180015740718                    100718000000000324010400970012906180000250000000000000000000000000000000000000000000000000000000000000000000000000003240000000000000000000000000000000000000000000000000000010000000000000          0004684573966800000000000000000000000000000000000000000002
9027563094SICOOB CREDIARA          RUA MARIA RITA DE AGUIAR                          CENTRO                        38183236ARAXÁ                         MG110720180000000100000000113                                                                                                                                                                                                                    000003
