02RETORNO01COBRANÇA       30940000327964316741J REZENDE                     756 - BANCOOB S/A 1607180000242                                                                                                                                                                                                                                                                                               000001
1022542123500018830940000316741000000                         00000003741001000000DM 00000000000000000000 01091607180029680118                    150118000000000374075630940011607180000000000000000000000000000000000000000000000000000000000000000000000000000000003740000000000000000000000000000000000000000000000000000010000000000000          0000270724966100000000000000000000000000000000000000000002
1022542123500018830940000316741000000                         00000003322301000000DM 00000000000000000000 01091607180013890118                    150118000000000324075630940011607180000000000000000000000000000000000000000000000000000000000000000000000000000000003240000000000000000000000000000000000000000000000000000010000000000000          0000690262868800000000000000000000000000000000000000000003
9027563094SICOOB CREDIARA          RUA MARIA RITA DE AGUIAR                          CENTRO                        38183236ARAXÁ                         MG170720180000000200000000113                                                                                                                                                                                                                    000004
