02RETORNO01COBRANÇA       30940000327964316741J REZENDE                     756 - BANCOOB S/A 0407180000240                                                                                                                                                                                                                                                                                               000001
1022542123500018830940000316741000000                         00000003082001000000DM 00000000000000000000 01091007180008690118                    100118000000000324075630940011007180000000000000000000000000000000000000000000000000000000000000000000000000000000003240000000000000000000000000000000000000000000000000000010000000000000          0000027442861000000000000000000000000000000000000000000002
1022542123500018830940000316741000000                         00000003226001000000DM 00000000000000000000 01091007180010210118                    100118000000000324075630940011007180000000000000000000000000000000000000000000000000000000000000000000000000000000003240000000000000000000000000000000000000000000000000000010000000000000          0007187518269100000000000000000000000000000000000000000003
1022542123500018830940000316741000000                         00000003262601000000DM 00000000000000000000 01091007180011390118                    100118000000000324075630940011007180000000000000000000000000000000000000000000000000000000000000000000000000000000003240000000000000000000000000000000000000000000000000000010000000000000          0009651106069100000000000000000000000000000000000000000004
1022542123500018830940000316741000000                         00000003782201000000DM 00000000000000000000 01091007180029770118                    100118000000000374075630940011007180000000000000000000000000000000000000000000000000000000000000000000000000000000003740000000000000000000000000000000000000000000000000000010000000000000          0006219557360000000000000000000000000000000000000000000005
1022542123500018830940000316741000000                         00000003902701000000DM 00000000000000000000 01091007180025530118                    100118000000000374075630940011007180000000000000000000000000000000000000000000000000000000000000000000000000000000003740000000000000000000000000000000000000000000000000000010000000000000          0000588234869200000000000000000000000000000000000000000006
1022542123500018830940000316741000000                         00000004178001000000DM 00000000000000000000 01091007180026730118                    100118000000000374075630940011007180000000000000000000000000000000000000000000000000000000000000000000000000000000003740000000000000000000000000000000000000000000000000000010000000000000          0000945536569300000000000000000000000000000000000000000007
1022542123500018830940000316741000000                         00000003394301000000DM 00000000000000000000 01091007180017830118                    100118000000000324075630940011007180000000000000000000000000000000000000000000000000000000000000000000000000000000003240000000000000000000000000000000000000000000000000000010000000000000          0007674540669100000000000000000000000000000000000000000008
1022542123500018830940000316741000000                         00000003442201000000DM 00000000000000000000 01091007180015840118                    100118000000000324075630940011007180000000000000000000000000000000000000000000000000000000000000000000000000000000003240000000000000000000000000000000000000000000000000000010000000000000          0006872201061000000000000000000000000000000000000000000009
1022542123500018830940000316741000000                         00000004382401000000DM 00000000000000000000 01091007180030440118                    100118000000000374075630940011007180000000000000000000000000000000000000000000000000000000000000000000000000000000003740000000000000000000000000000000000000000000000000000010000000000000          0000119164868000000000000000000000000000000000000000000010
1022542123500018830940000316741000000                         00000001316001000000DM 00000000000000000000 01091007180030211217                    100118000000000319075630940011007180000000000000000000000000000000000000000000000000000000000000000000000000000000003190000000000000000000000000000000000000000000000000000010000000000000          0000821220462600000000000000000000000000000000000000000011
1022542123500018830940000316741000000                         00000002874601000000DM 00000000000000000000 01091007180004230118                    100118000000000324075630940011007180000000000000000000000000000000000000000000000000000000000000000000000000000000003240000000000000000000000000000000000000000000000000000010000000000000          0005724833867200000000000000000000000000000000000000000012
1022542123500018830940000316741000000                         00000002904201000000DM 00000000000000000000 01060907180004530718                    100718000000000374010400970010907180000250000000000000000000000000000000000000000000000000000000000000000000000000003740000000000000000000000000000000000000000000000000000010000000000000          0000786278560600000000000000000000000000000000000000000013
1022542123500018830940000316741000000                         00000003100801000000DM 00000000000000000000 01060907180009010718                    100718000000000324010400970010907180000250000000000000000000000000000000000000000000000000000000000000000000000000003240000000000000000000000000000000000000000000000000000010000000000000          0009470166060400000000000000000000000000000000000000000014
1022542123500018830940000316741000000                         00000003591501000000DM 00000000000000000000 01060907180023390718                    100718000000000374010400970010907180000250000000000000000000000000000000000000000000000000000000000000000000000000003740000000000000000000000000000000000000000000000000000010000000000000          0003615945069700000000000000000000000000000000000000000015
1022542123500018830940000316741000000                         00000003872001000000DM 00000000000000000000 01060907180025270718                    100718000000000374010400970010907180000250000000000000000000000000000000000000000000000000000000000000000000000000003740000000000000000000000000000000000000000000000000000010000000000000          0000677178867900000000000000000000000000000000000000000016
1022542123500018830940000316741000000                         00000003890301000000DM 00000000000000000000 01091007180025420118                    100118000000000374075630940011007180000000000000000000000000000000000000000000000000000000000000000000000000000000003740000000000000000000000000000000000000000000000000000010000000000000          0002891803760000000000000000000000000000000000000000000017
1022542123500018830940000316741000000                         00000004088201000000DM 00000000000000000000 01060907180014700718                    100718000000000324010400970010907180000250000000000000000000000000000000000000000000000000000000000000000000000000003240000000000000000000000000000000000000000000000000000010000000000000          0008318973461500000000000000000000000000000000000000000018
1022542123500018830940000316741000000                         00000004154401000000DM 00000000000000000000 01091007180002360118                    100118000000000349075630940011007180000000000000000000000000000000000000000000000000000000000000000000000000000000003490000000000000000000000000000000000000000000000000000010000000000000          0000569370264200000000000000000000000000000000000000000019
1022542123500018830940000316741000000                         00000004202301000000DM 00000000000000000000 01091007180030430118                    100118000000000374075630940011007180000000000000000000000000000000000000000000000000000000000000000000000000000000003740000000000000000000000000000000000000000000000000000010000000000000          0000394635469600000000000000000000000000000000000000000020
1022542123500018830940000316741000000                         00000003346001000000DM 00000000000000000000 01091007180024350118                    100118000000000324075630940011007180000000000000000000000000000000000000000000000000000000000000000000000000000000003240000000000000000000000000000000000000000000000000000010000000000000          0008566563069100000000000000000000000000000000000000000021
1022542123500018830940000316741000000                         00000003406701000000DM 00000000000000000000 01091007180025830118                    100118000000000374075630940011007180000000000000000000000000000000000000000000000000000000000000000000000000000000003740000000000000000000000000000000000000000000000000000010000000000000          0000512870969800000000000000000000000000000000000000000022
1022542123500018830940000316741000000                         00000003478701000000DM 00000000000000000000 01091007180017120118                    100118000000000324075630940011007180000000000000000000000000000000000000000000000000000000000000000000000000000000003240000000000000000000000000000000000000000000000000000010000000000000          0006761282268700000000000000000000000000000000000000000023
1022542123500018830940000316741000000                         00000003585001000000DM 00000000000000000000 01091007180023390118                    100118000000000374075630940011007180000000000000000000000000000000000000000000000000000000000000000000000000000000003740000000000000000000000000000000000000000000000000000010000000000000          0003615945069700000000000000000000000000000000000000000024
1022542123500018830940000316741000000                         00000003651201000000DM 00000000000000000000 01061007180028810718                    100718000000000374000102100011007180000250000000000000000000000000000000000000000000000000000000000000000000000000003740000000000000000000000000000000000000000000000000000010000000000000          0002729612165300000000000000000000000000000000000000000025
1022542123500018830940000316741000000                         00000003705501000000DM 00000000000000000000 01091007180029160118                    100118000000000374075630940011007180000000000000000000000000000000000000000000000000000000000000000000000000000000003740000000000000000000000000000000000000000000000000000010000000000000          0001248442318700000000000000000000000000000000000000000026
1022542123500018830940000316741000000                         00000004274301000000DM 00000000000000000000 01091007180030620118                    100118000000000374075630940011007180000000000000000000000000000000000000000000000000000000000000000000000000000000003740000000000000000000000000000000000000000000000000000010000000000000          0001347627260500000000000000000000000000000000000000000027
1022542123500018830940000316741000000                         00000004614901000000DM 00000000000000000000 01061007181000140618                    100718000000001519975630940011007180000250000000000000000000000000000000000000000000000000000000000000000000000000015199000000000000000000000000000000000000000000000000000010000000000000          3874637600046500000000000000000000000000000000000000000028
1022542123500018830940000316741000000                         00000003041801000000DM 00000000000000000000 01060907180004160818                    100818000000000324034109440010907180000250000000000000000000000000000000000000000000000000000000000000000000000000003240000000000000000000000000000000000000000000000000000010000000000000          0009147587261500000000000000000000000000000000000000000029
1022542123500018830940000316741000000                         00000003256101000000DM 00000000000000000000 01061007180011060718                    100718000000000324034184810011007180000250000000000000000000000000000000000000000000000000000000000000000000000000003240000000000000000000000000000000000000000000000000000010000000000000          0000306014564400000000000000000000000000000000000000000030
1022542123500018830940000316741000000                         00000004190001000000DM 00000000000000000000 01091007180030420118                    100118000000000374075630940011007180000000000000000000000000000000000000000000000000000000000000000000000000000000003740000000000000000000000000000000000000000000000000000010000000000000          0001076302165200000000000000000000000000000000000000000031
1022542123500018830940000316741000000                         00000004214101000000DM 00000000000000000000 01091007180004910118                    100118000000000324075630940011007180000000000000000000000000000000000000000000000000000000000000000000000000000000003240000000000000000000000000000000000000000000000000000010000000000000          0002624052160400000000000000000000000000000000000000000032
1022542123500018830940000316741000000                         00000004226001000000DM 00000000000000000000 01091007180030460118                    100118000000000374075630940011007180000000000000000000000000000000000000000000000000000000000000000000000000000000003740000000000000000000000000000000000000000000000000000010000000000000          0000149822561600000000000000000000000000000000000000000033
1022542123500018830940000316741000000                         00000002938201000000DM 00000000000000000000 01091007180004600118                    100118000000000324075630940011007180000000000000000000000000000000000000000000000000000000000000000000000000000000003240000000000000000000000000000000000000000000000000000010000000000000          0004085395076800000000000000000000000000000000000000000034
1022542123500018830940000316741000000                         00000002974801000000DM 00000000000000000000 01091007180004730118                    100118000000000324075630940011007180000000000000000000000000000000000000000000000000000000000000000000000000000000003240000000000000000000000000000000000000000000000000000010000000000000          0004063987868700000000000000000000000000000000000000000035
1022542123500018830940000316741000000                         00000003052901000000DM 00000000000000000000 01060907180008410718                    100718000000000324010400970010907180000250000000000000000000000000000000000000000000000000000000000000000000000000003240000000000000000000000000000000000000000000000000000010000000000000          0004459589168700000000000000000000000000000000000000000036
1022542123500018830940000316741000000                         00000002802601000000DM 00000000000000000000 01091007180002560118                    100118000000000324075630940011007180000000000000000000000000000000000000000000000000000000000000000000000000000000003240000000000000000000000000000000000000000000000000000010000000000000          0000474784860600000000000000000000000000000000000000000037
1022542123500018830940000316741000000                         00000004262501000000DM 00000000000000000000 01091007180030590118                    100118000000000374075630940011007180000000000000000000000000000000000000000000000000000000000000000000000000000000003740000000000000000000000000000000000000000000000000000010000000000000          0002738312160000000000000000000000000000000000000000000038
1022542123500018830940000316741000000                         00000003340601000000DM 00000000000000000000 01061007180023970718                    100718000000000374010400970011007180000250000000000000000000000000000000000000000000000000000000000000000000000000003740000000000000000000000000000000000000000000000000000010000000000000          0007188737762000000000000000000000000000000000000000000039
1022542123500018830940000316741000000                         00000003573201000000DM 00000000000000000000 01091007180023040118                    100118000000000374075630940011007180000000000000000000000000000000000000000000000000000000000000000000000000000000003740000000000000000000000000000000000000000000000000000010000000000000          0004225353567200000000000000000000000000000000000000000040
1022542123500018830940000316741000000                         00000004058101000000DM 00000000000000000000 01091007180014480118                    100118000000000324075630940011007180000000000000000000000000000000000000000000000000000000000000000000000000000000003240000000000000000000000000000000000000000000000000000010000000000000          0005227926069700000000000000000000000000000000000000000041
1022542123500018830940000316741000000                         00000004124301000000DM 00000000000000000000 01061007180004270718                    100718000000000324010400970011007180000250000000000000000000000000000000000000000000000000000000000000000000000000003240000000000000000000000000000000000000000000000000000010000000000000          0000329979965700000000000000000000000000000000000000000042
1022542123500018830940000316741000000                         00000004142601000000DM 00000000000000000000 01091007180025310118                    100118000000000374075630940011007180000000000000000000000000000000000000000000000000000000000000000000000000000000003740000000000000000000000000000000000000000000000000000010000000000000          0000797618260900000000000000000000000000000000000000000043
1022542123500018830940000316741000000                         00000003304001000000DM 00000000000000000000 01061007180012340718                    100718000000000324010400970011007180000250000000000000000000000000000000000000000000000000000000000000000000000000003240000000000000000000000000000000000000000000000000000010000000000000          0008461066260400000000000000000000000000000000000000000044
1022542123500018830940000316741000000                         00000004612401000000DM 00000000000000000000 01061007181000080618                    100718000000001047075630940011007180000250000000000000000000000000000000000000000000000000000000000000000000000000010470000000000000000000000000000000000000000000000000000010000000000000          3874637600011200000000000000000000000000000000000000000045
1022542123500018830940000316741000000                         00000004615601000000DM 00000000000000000000 01061007181000210618                    100718000000000526534109440011007180000250000000000000000000000000000000000000000000000000000000000000000000000000005265000000000000000000000000000000000000000000000000000010000000000000          6522717500018100000000000000000000000000000000000000000046
1022542123500018830940000316741000000                         00000003986501000000DM 00000000000000000000 01091007180026750118                    100118000000000374075630940011007180000000000000000000000000000000000000000000000000000000000000000000000000000000003740000000000000000000000000000000000000000000000000000010000000000000          0001130201368800000000000000000000000000000000000000000047
1022542123500018830940000316741000000                         00000003316901000000DM 00000000000000000000 01060907180013270718                    100718000000000324010400970010907180000250000000000000000000000000000000000000000000000000000000000000000000000000003240000000000000000000000000000000000000000000000000000010000000000000          0005974586069700000000000000000000000000000000000000000048
1022542123500018830940000316741000000                         00000003549501000000DM 00000000000000000000 01091007180022690118                    100118000000000374075630940011007180000000000000000000000000000000000000000000000000000000000000000000000000000000003740000000000000000000000000000000000000000000000000000010000000000000          0006307307269100000000000000000000000000000000000000000049
1022542123500018830940000316741000000                         00000003561401000000DM 00000000000000000000 01091007180022820118                    100118000000000324075630940011007180000000000000000000000000000000000000000000000000000000000000000000000000000000003240000000000000000000000000000000000000000000000000000010000000000000          0007188059365300000000000000000000000000000000000000000050
1022542123500018830940000316741000000                         00000003615701000000DM 00000000000000000000 01060907180028150718                    100718000000000374010400970010907180000250000000000000000000000000000000000000000000000000000000000000000000000000003740000000000000000000000000000000000000000000000000000010000000000000          0001026372666500000000000000000000000000000000000000000051
1022542123500018830940000316741000000                         00000003687701000000DM 00000000000000000000 01061007180028970718                    100718000000000374010400970011007180000250000000000000000000000000000000000000000000000000000000000000000000000000003740000000000000000000000000000000000000000000000000000010000000000000          0005968516666800000000000000000000000000000000000000000052
1022542123500018830940000316741000000                         00000002986601000000DM 00000000000000000000 01091007180006790118                    100118000000000374075630940011007180000000000000000000000000000000000000000000000000000000000000000000000000000000003740000000000000000000000000000000000000000000000000000010000000000000          0003619380163400000000000000000000000000000000000000000053
1022542123500018830940000316741000000                         00000003125101000000DM 00000000000000000000 01060907180005190818                    100818000000000324010400970010907180000250000000000000000000000000000000000000000000000000000000000000000000000000003240000000000000000000000000000000000000000000000000000010000000000000          0007188477760000000000000000000000000000000000000000000054
1022542123500018830940000316741000000                         00000003130901000000DM 00000000000000000000 01091007180005450118                    100118000000000324075630940011007180000000000000000000000000000000000000000000000000000000000000000000000000000000003240000000000000000000000000000000000000000000000000000010000000000000          0003013578866800000000000000000000000000000000000000000055
1022542123500018830940000316741000000                         00000004238801000000DM 00000000000000000000 01091007180030470118                    100118000000000374075630940011007180000000000000000000000000000000000000000000000000000000000000000000000000000000003740000000000000000000000000000000000000000000000000000010000000000000          0008118869261500000000000000000000000000000000000000000056
1022542123500018830940000316741000000                         00000003717301000000DM 00000000000000000000 01091007180029220118                    100118000000000374075630940011007180000000000000000000000000000000000000000000000000000000000000000000000000000000003740000000000000000000000000000000000000000000000000000010000000000000          0005554795862000000000000000000000000000000000000000000057
1022542123500018830940000316741000000                         00000004112501000000DM 00000000000000000000 01060907180015230718                    100718000000000324010400970010907180000250000000000000000000000000000000000000000000000000000000000000000000000000003240000000000000000000000000000000000000000000000000000010000000000000          0003225778362000000000000000000000000000000000000000000058
1022542123500018830940000316741000000                         00000004613101000000DM 00000000000000000000 01061007181000110618                    100718000000001047075630940011007180000250000000000000000000000000000000000000000000000000000000000000000000000000010470000000000000000000000000000000000000000000000000000010000000000000          3874637600038400000000000000000000000000000000000000000059
1022542123500018830940000316741000000                         00000003028101000000DM 00000000000000000000 01061007180008390718                    100718000000000324010400970011007180000250000000000000000000000000000000000000000000000000000000000000000000000000003240000000000000000000000000000000000000000000000000000010000000000000          0004904386264900000000000000000000000000000000000000000060
1022542123500018830940000316741000000                         00000003184601000000DM 00000000000000000000 01061007180009450718                    100718000000000324010400970011007180000250000000000000000000000000000000000000000000000000000000000000000000000000003240000000000000000000000000000000000000000000000000000010000000000000          0009277825960000000000000000000000000000000000000000000061
1022542123500018830940000316741000000                         00000003214201000000DM 00000000000000000000 01091007180010200118                    100118000000000374075630940011007180000000000000000000000000000000000000000000000000000000000000000000000000000000003740000000000000000000000000000000000000000000000000000010000000000000          0003616071763400000000000000000000000000000000000000000062
1022542123500018830940000316741000000                         00000003238901000000DM 00000000000000000000 01091007180010460118                    100118000000000324075630940011007180000000000000000000000000000000000000000000000000000000000000000000000000000000003240000000000000000000000000000000000000000000000000000010000000000000          0000013014064300000000000000000000000000000000000000000063
1022542123500018830940000316741000000                         00000003472301000000DM 00000000000000000000 01060907180016360718                    100718000000000374010400970010907180000250000000000000000000000000000000000000000000000000000000000000000000000000003740000000000000000000000000000000000000000000000000000010000000000000          0004340692069100000000000000000000000000000000000000000064
1022542123500018830940000316741000000                         00000003508301000000DM 00000000000000000000 01060907180017340718                    100718000000000324010400970010907180000250000000000000000000000000000000000000000000000000000000000000000000000000003240000000000000000000000000000000000000000000000000000010000000000000          0006300667766800000000000000000000000000000000000000000065
1022542123500018830940000316741000000                         00000003794001000000DM 00000000000000000000 01091007180030640118                    100118000000000374075630940011007180000000000000000000000000000000000000000000000000000000000000000000000000000000003740000000000000000000000000000000000000000000000000000010000000000000          0000507097947700000000000000000000000000000000000000000066
1022542123500018830940000316741000000                         00000003860201000000DM 00000000000000000000 01061007180030330718                    100718000000000374010400970011007180000250000000000000000000000000000000000000000000000000000000000000000000000000003740000000000000000000000000000000000000000000000000000010000000000000          0008285259668700000000000000000000000000000000000000000067
1022542123500018830940000316741000000                         00000003914501000000DM 00000000000000000000 01091007180025960118                    100118000000000374075630940011007180000000000000000000000000000000000000000000000000000000000000000000000000000000003740000000000000000000000000000000000000000000000000000010000000000000          0009277829168700000000000000000000000000000000000000000068
1022542123500018830940000316741000000                         00000004256001000000DM 00000000000000000000 01060907180029060718                    100718000000000374010400970010907180000250000000000000000000000000000000000000000000000000000000000000000000000000003740000000000000000000000000000000000000000000000000000010000000000000          0007331229087200000000000000000000000000000000000000000069
1022542123500018830940000316741000000                         00000004524001000000DM 00000000000000000000 01060907180025540718                    100718000000000349003334670010907180000250000000000000000000000000000000000000000000000000000000000000000000000000003490000000000000000000000000000000000000000000000000000010000000000000          0006612599561500000000000000000000000000000000000000000070
1022542123500018830940000316741000000                         00000001304201000000DM 00000000000000000000 01091007180030201217                    100118000000000319075630940011007180000000000000000000000000000000000000000000000000000000000000000000000000000000003190000000000000000000000000000000000000000000000000000010000000000000          0000859660265800000000000000000000000000000000000000000071
1022542123500018830940000316741000000                         00000001292901000000DM 00000000000000000000 01091007180030191217                    100118000000000319075630940011007180000000000000000000000000000000000000000000000000000000000000000000000000000000003190000000000000000000000000000000000000000000000000000010000000000000          0000766983862000000000000000000000000000000000000000000072
1022542123500018830940000316741000000                         00000002796601000000DM 00000000000000000000 01060907180002470718                    100718000000000324010400970010907180000250000000000000000000000000000000000000000000000000000000000000000000000000003240000000000000000000000000000000000000000000000000000010000000000000          0000356167569700000000000000000000000000000000000000000073
1022542123500018830940000316741000000                         00000002862801000000DM 00000000000000000000 01091007180004220118                    100118000000000324075630940011007180000000000000000000000000000000000000000000000000000000000000000000000000000000003240000000000000000000000000000000000000000000000000000010000000000000          0007415855469100000000000000000000000000000000000000000074
1022542123500018830940000316741000000                         00000002926401000000DM 00000000000000000000 01091007180001270118                    100118000000000324075630940011007180000000000000000000000000000000000000000000000000000000000000000000000000000000003240000000000000000000000000000000000000000000000000000010000000000000          0000557190363500000000000000000000000000000000000000000075
1022542123500018830940000316741000000                         00000003010001000000DM 00000000000000000000 01091007180007430118                    100118000000000324075630940011007180000000000000000000000000000000000000000000000000000000000000000000000000000000003240000000000000000000000000000000000000000000000000000010000000000000          0000653259166100000000000000000000000000000000000000000076
1022542123500018830940000316741000000                         00000003022801000000DM 00000000000000000000 01091007180008390118                    100118000000000324075630940011007180000000000000000000000000000000000000000000000000000000000000000000000000000000003240000000000000000000000000000000000000000000000000000010000000000000          0004904386264900000000000000000000000000000000000000000077
1022542123500018830940000316741000000                         00000003070101000000DM 00000000000000000000 01091007180008470118                    100118000000000374075630940011007180000000000000000000000000000000000000000000000000000000000000000000000000000000003740000000000000000000000000000000000000000000000000000010000000000000          0000150671660100000000000000000000000000000000000000000078
1022542123500018830940000316741000000                         00000003639301000000DM 00000000000000000000 01060907180028160718                    100718000000000374010400970010907180000250000000000000000000000000000000000000000000000000000000000000000000000000003740000000000000000000000000000000000000000000000000000010000000000000          0008257197068200000000000000000000000000000000000000000079
1022542123500018830940000316741000000                         00000003723801000000DM 00000000000000000000 01061007180029220718                    100718000000000374000102100011007180000250000000000000000000000000000000000000000000000000000000000000000000000000003740000000000000000000000000000000000000000000000000000010000000000000          0005554795862000000000000000000000000000000000000000000080
1022542123500018830940000316741000000                         00000003818201000000DM 00000000000000000000 01091007180030110118                    100118000000000374075630940011007180000000000000000000000000000000000000000000000000000000000000000000000000000000003740000000000000000000000000000000000000000000000000000010000000000000          0001104048469700000000000000000000000000000000000000000081
1022542123500018830940000316741000000                         00000003842001000000DM 00000000000000000000 01091007180030290118                    100118000000000374075630940011007180000000000000000000000000000000000000000000000000000000000000000000000000000000003740000000000000000000000000000000000000000000000000000010000000000000          0001252081260500000000000000000000000000000000000000000082
1022542123500018830940000316741000000                         00000003956401000000DM 00000000000000000000 01061007180026650718                    100718000000000374034109440011007180000250000000000000000000000000000000000000000000000000000000000000000000000000003740000000000000000000000000000000000000000000000000000010000000000000          0000694769266000000000000000000000000000000000000000000083
1022542123500018830940000316741000000                         00000004034501000000DM 00000000000000000000 01091007180014420118                    100118000000000324075630940011007180000000000000000000000000000000000000000000000000000000000000000000000000000000003240000000000000000000000000000000000000000000000000000010000000000000          0000534757766500000000000000000000000000000000000000000084
9027563094SICOOB CREDIARA          RUA MARIA RITA DE AGUIAR                          CENTRO                        38183236ARAXÁ                         MG110720180000008300000000113                                                                                                                                                                                                                    000085
