02RETORNO01COBRANÇA       30940000327964316741J REZENDE                     756 - BANCOOB S/A 0307180000239                                                                                                                                                                                                                                                                                               000001
1022542123500018830940000316741000000                         00000003364201000000DM 00000000000000000000 01060607180024530718                    100718000000000374010400970010607180000250000000000000000000000000000000000000000000000000000000000000000000000000003740000000000000000000000000000000000000000000000000000010000000000000          0003607094764900000000000000000000000000000000000000000002
1022542123500018830940000316741000000                         00000003663001000000DM 00000000000000000000 01060407180028820718                    100718000000000374010400970010407180000250000000000000000000000000000000000000000000000000000000000000000000000000003740000000000000000000000000000000000000000000000000000010000000000000          0002486093060600000000000000000000000000000000000000000003
1022542123500018830940000316741000000                         00000003160001000000DM 00000000000000000000 01060507180006480718                    100718000000000374010400970010507180000250000000000000000000000000000000000000000000000000000000000000000000000000003740000000000000000000000000000000000000000000000000000010000000000000          0001612677762000000000000000000000000000000000000000000004
1022542123500018830940000316741000000                         00000002844501000000DM 00000000000000000000 01060507180004110718                    100718000000000374010400970010507180000250000000000000000000000000000000000000000000000000000000000000000000000000003740000000000000000000000000000000000000000000000000000010000000000000          0007246051260000000000000000000000000000000000000000000005
1022542123500018830940000316741000000                         00000003675901000000DM 00000000000000000000 01060507180028890718                    100718000000000374075630940010507180000250000000000000000000000000000000000000000000000000000000000000000000000000003740000000000000000000000000000000000000000000000000000010000000000000          0000564891363000000000000000000000000000000000000000000006
1022542123500018830940000316741000000                         00000003884901000000DM 00000000000000000000 01060307180025190718                    100718000000000374010407080010307180000250000000000000000000000000000000000000000000000000000000000000000000000000003740000000000000000000000000000000000000000000000000000010000000000000          0008540006863400000000000000000000000000000000000000000007
1022542123500018830940000316741000000                         00000003112601000000DM 00000000000000000000 01060607180005350718                    100718000000000324010400970010607180000250000000000000000000000000000000000000000000000000000000000000000000000000003240000000000000000000000000000000000000000000000000000010000000000000          0000659773163800000000000000000000000000000000000000000008
1022542123500018830940000316741000000                         00000003148001000000DM 00000000000000000000 01060507180005930718                    100718000000000324010400970010507180000250000000000000000000000000000000000000000000000000000000000000000000000000003240000000000000000000000000000000000000000000000000000010000000000000          0003023575860400000000000000000000000000000000000000000009
1022542123500018830940000316741000000                         00000003232501000000DM 00000000000000000000 01060607180010210718                    100718000000000324010400970010607180000250000000000000000000000000000000000000000000000000000000000000000000000000003240000000000000000000000000000000000000000000000000000010000000000000          0007187518269100000000000000000000000000000000000000000010
1022542123500018830940000316741000000                         00000003520201000000DM 00000000000000000000 01060307180017750718                    100718000000000324010400970010307180000250000000000000000000000000000000000000000000000000000000000000000000000000003240000000000000000000000000000000000000000000000000000010000000000000          0002729843469100000000000000000000000000000000000000000011
1022542123500018830940000316741000000                         00000003836501000000DM 00000000000000000000 01060607180030140718                    100718000000000374010400970010607180000250000000000000000000000000000000000000000000000000000000000000000000000000003740000000000000000000000000000000000000000000000000000010000000000000          0000506908968400000000000000000000000000000000000000000012
1022542123500018830940000316741000000                         00000003460501000000DM 00000000000000000000 01060407180015980718                    100718000000000324010400970010407180000250000000000000000000000000000000000000000000000000000000000000000000000000003240000000000000000000000000000000000000000000000000000010000000000000          0007886934067800000000000000000000000000000000000000000013
1022542123500018830940000316741000000                         00000002968301000000DM 00000000000000000000 01060507180004350718                    100718000000000324010400970010507180000250000000000000000000000000000000000000000000000000000000000000000000000000003240000000000000000000000000000000000000000000000000000010000000000000          0001514063611500000000000000000000000000000000000000000014
1022542123500018830940000316741000000                         00000003968201000000DM 00000000000000000000 01060407180026710718                    100718000000000374010400970010407180000250000000000000000000000000000000000000000000000000000000000000000000000000003740000000000000000000000000000000000000000000000000000010000000000000          0005764341515300000000000000000000000000000000000000000015
1022542123500018830940000316741000000                         00000004028001000000DM 00000000000000000000 01060207180027130718                    100718000000000374010400970010207180000250000000000000000000000000000000000000000000000000000000000000000000000000003740000000000000000000000000000000000000000000000000000010000000000000          0009652261564900000000000000000000000000000000000000000016
1022542123500018830940000316741000000                         00000004064601000000DM 00000000000000000000 01060507180014480718                    100718000000000324010400970010507180000250000000000000000000000000000000000000000000000000000000000000000000000000003240000000000000000000000000000000000000000000000000000010000000000000          0005227926069700000000000000000000000000000000000000000017
1022542123500018830940000316741000000                         00000002760101000000DM 00000000000000000000 01060607180000410718                    100718000000000324010400970010607180000250000000000000000000000000000000000000000000000000000000000000000000000000003240000000000000000000000000000000000000000000000000000010000000000000          0000565324365500000000000000000000000000000000000000000018
1022542123500018830940000316741000000                         00000003759201000000DM 00000000000000000000 01060607180029700718                    100718000000000374010400970010607180000250000000000000000000000000000000000000000000000000000000000000000000000000003740000000000000000000000000000000000000000000000000000010000000000000          0000214486281800000000000000000000000000000000000000000019
1022542123500018830940000316741000000                         00000004076401000000DM 00000000000000000000 01060307180014580718                    100718000000000324010400970010307180000250000000000000000000000000000000000000000000000000000000000000000000000000003240000000000000000000000000000000000000000000000000000010000000000000          0002361630010000000000000000000000000000000000000000000020
1022542123500018830940000316741000000                         00000004160901000000DM 00000000000000000000 01060507180002360718                    100718000000000374010400970010507180000250000000000000000000000000000000000000000000000000000000000000000000000000003740000000000000000000000000000000000000000000000000000010000000000000          0000569370264200000000000000000000000000000000000000000021
1022542123500018830940000316741000000                         00000003699501000000DM 00000000000000000000 01060607180029010718                    100718000000000374010400970010607180000250000000000000000000000000000000000000000000000000000000000000000000000000003740000000000000000000000000000000000000000000000000000010000000000000          0002483652468700000000000000000000000000000000000000000022
1022542123500018830940000316741000000                         00000004004401000000DM 00000000000000000000 01060307180026860718                    100718000000000374010400970010307180000250000000000000000000000000000000000000000000000000000000000000000000000000003740000000000000000000000000000000000000000000000000000010000000000000          0003407094060000000000000000000000000000000000000000000023
9027563094SICOOB CREDIARA          RUA MARIA RITA DE AGUIAR                          CENTRO                        38183236ARAXÁ                         MG110720180000002200000000113                                                                                                                                                                                                                    000024
