02RETORNO01COBRANÇA       30940000327964316741J REZENDE                     756 - BANCOOB S/A 1807180000243                                                                                                                                                                                                                                                                                               000001
1022542123500018830940000316741000000                         00000003370701000000DM 00000000000000000000 01092007180024540118                    200118000000000374075630940012007180000000000000000000000000000000000000000000000000000000000000000000000000000000003740000000000000000000000000000000000000000000000000000010000000000000          0000847276465600000000000000000000000000000000000000000002
1022542123500018830940000316741000000                         00000002892901000000DM 00000000000000000000 01062007180004370718                    100718000000000324075630940012007180000250000000000000000000000000000000000000000000000000000000000000000000000000003574000000000033400000000000000000000000000000000000000010000000000000          0001313854565300000000000000000000000000000000000000000003
1022542123500018830940000316741000000                         00000002891101000000DM 00000000000000000000 01062007180004370618                    100618000000000324075630940012007180000250000000000000000000000000000000000000000000000000000000000000000000000000003604000000000036400000000000000000000000000000000000000010000000000000          0001313854565300000000000000000000000000000000000000000004
1022542123500018830940000316741000000                         00000003166301000000DM 00000000000000000000 01092007180025800118                    200118000000000374075630940012007180000000000000000000000000000000000000000000000000000000000000000000000000000000003740000000000000000000000000000000000000000000000000000010000000000000          0007188615063000000000000000000000000000000000000000000005
1022542123500018830940000316741000000                         00000003812901000000DM 00000000000000000000 01062007180010140718                    200718000000000374010400970012007180000250000000000000000000000000000000000000000000000000000000000000000000000000003740000000000000000000000000000000000000000000000000000010000000000000          0005764752663400000000000000000000000000000000000000000006
9027563094SICOOB CREDIARA          RUA MARIA RITA DE AGUIAR                          CENTRO                        38183236ARAXÁ                         MG270720180000000500000000113                                                                                                                                                                                                                    000007
