10400000         2179000320001460000000000000000000001461339479800000000KARINA SILVA LEAO   ME        C ECON FEDERAL                          22302201702030900078604000000                    RETORNO-PRODUCAO                  000            
10400011T0100030 20179000320001460000000000000000000001461339479800000000KARINA SILVA LEAO   ME                                                                                        00000786230220170000000000                          00   
1040001300001T 060000003947980000000   240000000000418360100000000000000010102016000000000003190104000970000000000000000          090000000000000000                                                  000000000000295020101                     
1040001300002U 06000000000000441000000000000000000000000000000000000000000000000000000003631000000000003631000000000000000000000000000000230220172402201700002402201700000000000000000000000000000000000000000000000000000000000000000000       
1040001300003T 060000003947980000000   240000000000418378100000000000000010112016000000000003190104000970000000000000000          090000000000000000                                                  000000000000295020101                     
1040001300004U 06000000000000378000000000000000000000000000000000000000000000000000000003568000000000003568000000000000000000000000000000230220172402201700002402201700000000000000000000000000000000000000000000000000000000000000000000       
10400015         00000600000000000000000000000000000000000000000000000000000000000000000000000000000000000000000000                                                                                                                             
10499999         000001000008                                                                                                                                                                                                                   
