02RETORNO01COBRANÇA       30940000327964316741J REZENDE                     756 - BANCOOB S/A 1702210000456                                                                                                                                                                                                                                                                                               000001
1022542123500018830940000316741000000                         00000007266101000000DM 00000000000000000000 01060502210010480221                    100221000000000400010400970010502210000250000000000000000000000000000000000000000000000000000000000000000000000000004000000000000000000000000000000000000000000000000000000010000000000000          0000027554260200000000000000000000000000000000000000000002
1022542123500018830940000316741000000                         00000007158001000000DM 00000000000000000000 01060502210008470221                    100221000000000400010400970010502210000250000000000000000000000000000000000000000000000000000000000000000000000000004000000000000000000000000000000000000000000000000000000010000000000000          0000150671660100000000000000000000000000000000000000000003
1022542123500018830940000316741000000                         00000006858401000000DM 00000000000000000000 01060402210014580221                    100221000000000380010400970010402210000250000000000000000000000000000000000000000000000000000000000000000000000000003800000000000000000000000000000000000000000000000000000010000000000000          0002361630010000000000000000000000000000000000000000000004
1022542123500018830940000316741000000                         00000006978301000000DM 00000000000000000000 01060402210010200221                    100221000000000400010400970010402210000250000000000000000000000000000000000000000000000000000000000000000000000000004000000000000000000000000000000000000000000000000000000010000000000000          0003616071763400000000000000000000000000000000000000000005
1022542123500018830940000316741000000                         00000007472001000000DM 00000000000000000000 01060302210028820221                    100221000000000400010400970010302210000250000000000000000000000000000000000000000000000000000000000000000000000000004000000000000000000000000000000000000000000000000000000010000000000000          0008182941865300000000000000000000000000000000000000000006
1022542123500018830940000316741000000                         00000006870301000000DM 00000000000000000000 01060102210026740221                    100221000000000400010400970010102210000250000000000000000000000000000000000000000000000000000000000000000000000000004000000000000000000000000000000000000000000000000000000010000000000000          0000954360460600000000000000000000000000000000000000000007
9027563094SICOOB CREDIARA          R D BOSCO                                         Centro                        38183228Araxá                         MG170220210000000600000000113                                                                                                                                                                                                                    000008
