02RETORNO01COBRANÇA       30940000327964316741J REZENDE                     756 - BANCOOB S/A 1702210000457                                                                                                                                                                                                                                                                                               000001
1022542123500018830940000316741000000                         00000006966501000000DM 00000000000000000000 01061202210017950221                    100221000000000380010400970011202210000250000000000000000000000000000000000000000000000000000000000000000000000000003803000000000000300000000000000000000000000000000000000010000000000000          0000027258068600000000000000000000000000000000000000000002
1022542123500018830940000316741000000                         00000007483001000000DM 00000000000000000000 01061002211000070121                    100221000000000380075631540011002210000250000000000000000000000000000000000000000000000000000000000000000000000000003800000000000000000000000000000000000000000000000000000010000000000000          7097303700069600000000000000000000000000000000000000000003
1022542123500018830940000316741000000                         00000007467201000000DM 00000000000000000000 01061002211000181220                    100121000000001520034184810011002210000250000000000000000000000000000000000000000000000000000000000000000000000000015215000000000001500000000000000000000000000000000000000010000000000000          1823706600016500000000000000000000000000000000000000000004
1022542123500018830940000316741000000                         00000007026301000000DM 00000000000000000000 01061002210009010221                    100221000000000380010400970011002210000250000000000000000000000000000000000000000000000000000000000000000000000000003800000000000000000000000000000000000000000000000000000010000000000000          0009470166060400000000000000000000000000000000000000000005
1022542123500018830940000316741000000                         00000007014501000000DM 00000000000000000000 01061002210024530221                    100221000000000400010400970011002210000250000000000000000000000000000000000000000000000000000000000000000000000000004000000000000000000000000000000000000000000000000000000010000000000000          0003607094764900000000000000000000000000000000000000000006
1022542123500018830940000316741000000                         00000007486201000000DM 00000000000000000000 01060902211000180121                    100221000000002760034184810010902210000250000000000000000000000000000000000000000000000000000000000000000000000000027600000000000000000000000000000000000000000000000000000010000000000000          1823706600016500000000000000000000000000000000000000000007
1022542123500018830940000316741000000                         00000007038101000000DM 00000000000000000000 01060902210004140221                    100221000000000400003334670010902210000250000000000000000000000000000000000000000000000000000000000000000000000000004000000000000000000000000000000000000000000000000000000010000000000000          0000303613564200000000000000000000000000000000000000000008
1022542123500018830940000316741000000                         00000007050001000000DM 00000000000000000000 01060902210014700221                    100221000000000380010400970010902210000250000000000000000000000000000000000000000000000000000000000000000000000000003800000000000000000000000000000000000000000000000000000010000000000000          0008318973461500000000000000000000000000000000000000000009
1022542123500018830940000316741000000                         00000007302201000000DM 00000000000000000000 01060902210029010221                    100221000000000400010400970010902210000250000000000000000000000000000000000000000000000000000000000000000000000000004000000000000000000000000000000000000000000000000000000010000000000000          0002483652468700000000000000000000000000000000000000000010
1022542123500018830940000316741000000                         00000007326901000000DM 00000000000000000000 01060902210001140221                    100221000000000380010400970010902210000250000000000000000000000000000000000000000000000000000000000000000000000000003800000000000000000000000000000000000000000000000000000010000000000000          0004897155363400000000000000000000000000000000000000000011
1022542123500018830940000316741000000                         00000007338701000000DM 00000000000000000000 01060902210028150221                    100221000000000400010400970010902210000250000000000000000000000000000000000000000000000000000000000000000000000000004000000000000000000000000000000000000000000000000000000010000000000000          0001026372666500000000000000000000000000000000000000000012
1022542123500018830940000316741000000                         00000007110801000000DM 00000000000000000000 01060802210011030221                    100221000000000380063300010010802210000250000000000000000000000000000000000000000000000000000000000000000000000000003800000000000000000000000000000000000000000000000000000010000000000000          0008715135969100000000000000000000000000000000000000000013
1022542123500018830940000316741000000                         00000007398901000000DM 00000000000000000000 01060802210005930221                    100221000000000380010400970010802210000250000000000000000000000000000000000000000000000000000000000000000000000000003800000000000000000000000000000000000000000000000000000010000000000000          0003023575860400000000000000000000000000000000000000000014
1022542123500018830940000316741000000                         00000007487001000000DM 00000000000000000000 01060802211000250121                    100221000000040230010400970010802210000250000000000000000000000000000000000000000000000000000000000000000000000000402300000000000000000000000000000000000000000000000000000010000000000000          2604122800011300000000000000000000000000000000000000000015
1022542123500018830940000316741000000                         00000007290901000000DM 00000000000000000000 01060802210006480221                    100221000000000400010400970010802210000250000000000000000000000000000000000000000000000000000000000000000000000000004000000000000000000000000000000000000000000000000000000010000000000000          0001612677762000000000000000000000000000000000000000000016
1022542123500018830940000316741000000                         00000007002701000000DM 00000000000000000000 01060802210016360221                    100221000000000400010400970010802210000250000000000000000000000000000000000000000000000000000000000000000000000000004000000000000000000000000000000000000000000000000000000010000000000000          0004340692069100000000000000000000000000000000000000000017
1022542123500018830940000316741000000                         00000007134401000000DM 00000000000000000000 01060802210023040221                    100221000000000400010400970010802210000250000000000000000000000000000000000000000000000000000000000000000000000000004000000000000000000000000000000000000000000000000000000010000000000000          0004225353567200000000000000000000000000000000000000000018
1022542123500018830940000316741000000                         00000006954701000000DM 00000000000000000000 01060802210025270221                    100221000000000400010400970010802210000250000000000000000000000000000000000000000000000000000000000000000000000000004000000000000000000000000000000000000000000000000000000010000000000000          0000677178867900000000000000000000000000000000000000000019
1022542123500018830940000316741000000                         00000006942901000000DM 00000000000000000000 01060802210014950221                    100221000000000380010400970010802210000250000000000000000000000000000000000000000000000000000000000000000000000000003800000000000000000000000000000000000000000000000000000010000000000000          0000136752462800000000000000000000000000000000000000000020
1022542123500018830940000316741000000                         00000007062901000000DM 00000000000000000000 01061002210030690221                    100221000000000400075630940011002210000250000000000000000000000000000000000000000000000000000000000000000000000000004000000000000000000000000000000000000000000000000000000010000000000000          0006037461660400000000000000000000000000000000000000000021
1022542123500018830940000316741000000                         00000007488701000000DM 00000000000000000000 01061002211000280221                    100221000000000777075640790011002210000250000000000000000000000000000000000000000000000000000000000000000000000000007770000000000000000000000000000000000000000000000000000010000000000000          0581273600018800000000000000000000000000000000000000000022
1022542123500018830940000316741000000                         00000007484801000000DM 00000000000000000000 01061002211000100121                    100221000000000760075631540011002210000250000000000000000000000000000000000000000000000000000000000000000000000000007600000000000000000000000000000000000000000000000000000010000000000000          7097303700034300000000000000000000000000000000000000000023
1022542123500018830940000316741000000                         00000007485501000000DM 00000000000000000000 01061002211000150121                    100221000000000380075631540011002210000250000000000000000000000000000000000000000000000000000000000000000000000000003800000000000000000000000000000000000000000000000000000010000000000000          7097303700093900000000000000000000000000000000000000000024
1022542123500018830940000316741000000                         00000005908901000000DM 00000000000000000000 01090802210030710820                    100820000000000400075630940010802210000100000000000000000000000000000000000000000000000000000000000000000000000000004000000000000000000000000000000000000000000000000000000010000000000000          0000953633063600000000000000000000000000000000000000000025
1022542123500018830940000316741000000                         00000007362401000000DM 00000000000000000000 01061002210004160221                    100221000000000380034109440011002210000250000000000000000000000000000000000000000000000000000000000000000000000000003800000000000000000000000000000000000000000000000000000010000000000000          0009147587261500000000000000000000000000000000000000000026
1022542123500018830940000316741000000                         00000007350601000000DM 00000000000000000000 01061002210000410221                    100221000000000380010400970011002210000250000000000000000000000000000000000000000000000000000000000000000000000000003800000000000000000000000000000000000000000000000000000010000000000000          0000565324365500000000000000000000000000000000000000000027
1022542123500018830940000316741000000                         00000007374201000000DM 00000000000000000000 01061102210028160221                    100221000000000400010400970011102210000250000000000000000000000000000000000000000000000000000000000000000000000000004004000000000000400000000000000000000000000000000000000010000000000000          0008257197068200000000000000000000000000000000000000000028
1022542123500018830940000316741000000                         00000006697801000000DM 00000000000000000000 01090802210026730820                    100820000000000400075630940010802210000100000000000000000000000000000000000000000000000000000000000000000000000000004000000000000000000000000000000000000000000000000000000010000000000000          0000945536569300000000000000000000000000000000000000000029
1022542123500018830940000316741000000                         00000006818001000000DM 00000000000000000000 01090802211000180720                    100820000000001520075630940010802210000100000000000000000000000000000000000000000000000000000000000000000000000000015200000000000000000000000000000000000000000000000000000010000000000000          1823706600016500000000000000000000000000000000000000000030
1022542123500018830940000316741000000                         00000006732101000000DM 00000000000000000000 01090802210008410820                    100820000000000360075630940010802210000100000000000000000000000000000000000000000000000000000000000000000000000000003600000000000000000000000000000000000000000000000000000010000000000000          0004459589168700000000000000000000000000000000000000000031
1022542123500018830940000316741000000                         00000006016001000000DM 00000000000000000000 01090802210002470820                    100820000000000360075630940010802210000100000000000000000000000000000000000000000000000000000000000000000000000000003600000000000000000000000000000000000000000000000000000010000000000000          0000356167569700000000000000000000000000000000000000000032
1022542123500018830940000316741000000                         00000006184301000000DM 00000000000000000000 01090802210008390820                    100820000000000360075630940010802210000100000000000000000000000000000000000000000000000000000000000000000000000000003600000000000000000000000000000000000000000000000000000010000000000000          0004904386264900000000000000000000000000000000000000000033
1022542123500018830940000316741000000                         00000006196101000000DM 00000000000000000000 01090802210009010820                    100820000000000360075630940010802210000100000000000000000000000000000000000000000000000000000000000000000000000000003600000000000000000000000000000000000000000000000000000010000000000000          0009470166060400000000000000000000000000000000000000000034
1022542123500018830940000316741000000                         00000006232201000000DM 00000000000000000000 01090802210017220820                    100820000000000360075630940010802210000100000000000000000000000000000000000000000000000000000000000000000000000000003600000000000000000000000000000000000000000000000000000010000000000000          0000326379860000000000000000000000000000000000000000000035
1022542123500018830940000316741000000                         00000006244001000000DM 00000000000000000000 01090802210017830820                    100820000000000360075630940010802210000100000000000000000000000000000000000000000000000000000000000000000000000000003600000000000000000000000000000000000000000000000000000010000000000000          0007674540669100000000000000000000000000000000000000000036
1022542123500018830940000316741000000                         00000006256901000000DM 00000000000000000000 01090802210028150820                    100820000000000400075630940010802210000100000000000000000000000000000000000000000000000000000000000000000000000000004000000000000000000000000000000000000000000000000000000010000000000000          0001026372666500000000000000000000000000000000000000000037
1022542123500018830940000316741000000                         00000006268701000000DM 00000000000000000000 01090802210030140820                    100820000000000400075630940010802210000100000000000000000000000000000000000000000000000000000000000000000000000000004000000000000000000000000000000000000000000000000000000010000000000000          0000506908968400000000000000000000000000000000000000000038
1022542123500018830940000316741000000                         00000006280601000000DM 00000000000000000000 01090802210029270820                    100820000000000400075630940010802210000100000000000000000000000000000000000000000000000000000000000000000000000000004000000000000000000000000000000000000000000000000000000010000000000000          0001166686868000000000000000000000000000000000000000000039
1022542123500018830940000316741000000                         00000006436501000000DM 00000000000000000000 01090802210004910820                    100820000000000360075630940010802210000100000000000000000000000000000000000000000000000000000000000000000000000000003600000000000000000000000000000000000000000000000000000010000000000000          0002624052160400000000000000000000000000000000000000000040
1022542123500018830940000316741000000                         00000006447601000000DM 00000000000000000000 01090802210030720820                    100820000000000400075630940010802210000100000000000000000000000000000000000000000000000000000000000000000000000000004000000000000000000000000000000000000000000000000000000010000000000000          0000317910663800000000000000000000000000000000000000000041
1022542123500018830940000316741000000                         00000006459401000000DM 00000000000000000000 01090802210008690820                    100820000000000360075630940010802210000100000000000000000000000000000000000000000000000000000000000000000000000000003600000000000000000000000000000000000000000000000000000010000000000000          0000027442861000000000000000000000000000000000000000000042
1022542123500018830940000316741000000                         00000006483101000000DM 00000000000000000000 01090802210022820820                    100820000000000360075630940010802210000100000000000000000000000000000000000000000000000000000000000000000000000000003600000000000000000000000000000000000000000000000000000010000000000000          0007188059365300000000000000000000000000000000000000000043
1022542123500018830940000316741000000                         00000006495001000000DM 00000000000000000000 01090802210029220820                    100820000000000400075630940010802210000100000000000000000000000000000000000000000000000000000000000000000000000000004000000000000000000000000000000000000000000000000000000010000000000000          0005554795862000000000000000000000000000000000000000000044
1022542123500018830940000316741000000                         00000006567501000000DM 00000000000000000000 01090802210023390820                    100820000000000400075630940010802210000100000000000000000000000000000000000000000000000000000000000000000000000000004000000000000000000000000000000000000000000000000000000010000000000000          0003615945069700000000000000000000000000000000000000000045
1022542123500018830940000316741000000                         00000006579301000000DM 00000000000000000000 01090802210026050820                    100820000000000400075630940010802210000100000000000000000000000000000000000000000000000000000000000000000000000000004000000000000000000000000000000000000000000000000000000010000000000000          0000258153466400000000000000000000000000000000000000000046
1022542123500018830940000316741000000                         00000006603601000000DM 00000000000000000000 01090802210004370820                    100820000000000360075630940010802210000100000000000000000000000000000000000000000000000000000000000000000000000000003600000000000000000000000000000000000000000000000000000010000000000000          0001313854565300000000000000000000000000000000000000000047
1022542123500018830940000316741000000                         00000006627201000000DM 00000000000000000000 01090802210030760820                    100820000000000400075630940010802210000100000000000000000000000000000000000000000000000000000000000000000000000000004000000000000000000000000000000000000000000000000000000010000000000000          0000479186480800000000000000000000000000000000000000000048
1022542123500018830940000316741000000                         00000006663801000000DM 00000000000000000000 01090802210029710820                    100820000000000400075630940010802210000100000000000000000000000000000000000000000000000000000000000000000000000000004000000000000000000000000000000000000000000000000000000010000000000000          0002729840060600000000000000000000000000000000000000000049
1022542123500018830940000316741000000                         00000006148801000000DM 00000000000000000000 01090802210030700820                    100820000000000400075630940010802210000100000000000000000000000000000000000000000000000000000000000000000000000000004000000000000000000000000000000000000000000000000000000010000000000000          0001212798465000000000000000000000000000000000000000000050
1022542123500018830940000316741000000                         00000006160701000000DM 00000000000000000000 01090802210004530820                    100820000000000400075630940010802210000100000000000000000000000000000000000000000000000000000000000000000000000000004000000000000000000000000000000000000000000000000000000010000000000000          0000786278560600000000000000000000000000000000000000000051
1022542123500018830940000316741000000                         00000006340301000000DM 00000000000000000000 01090802210010920820                    100820000000000360075630940010802210000100000000000000000000000000000000000000000000000000000000000000000000000000003600000000000000000000000000000000000000000000000000000010000000000000          0007570230469100000000000000000000000000000000000000000052
1022542123500018830940000316741000000                         00000006364001000000DM 00000000000000000000 01090802210023970820                    100820000000000400075630940010802210000100000000000000000000000000000000000000000000000000000000000000000000000000004000000000000000000000000000000000000000000000000000000010000000000000          0007188737762000000000000000000000000000000000000000000053
1022542123500018830940000316741000000                         00000006376801000000DM 00000000000000000000 01090802210026650820                    100820000000000400075630940010802210000100000000000000000000000000000000000000000000000000000000000000000000000000004000000000000000000000000000000000000000000000000000000010000000000000          0000694769266000000000000000000000000000000000000000000054
9027563094SICOOB CREDIARA          R D BOSCO                                         Centro                        38183228Araxá                         MG170220210000005300000000113                                                                                                                                                                                                                    000055
