02RETORNO01COBRANÇA       30940000327964316741J REZENDE                     756 - BANCOOB S/A 1702210000455                                                                                                                                                                                                                                                                                               000001
1022542123500018830940000316741000000                         00000006895701000000DM 00000000000000000000 01062901210011610321                    100321000000000380010400970012901210000250000000000000000000000000000000000000000000000000000000000000000000000000003800000000000000000000000000000000000000000000000000000010000000000000          0004342743060000000000000000000000000000000000000000000002
1022542123500018830940000316741000000                         00000007253601000000DM 00000000000000000000 01062801210013890121                    280121000000000380010400970012801210000250000000000000000000000000000000000000000000000000000000000000000000000000003800000000000000000000000000000000000000000000000000000010000000000000          0000690262868800000000000000000000000000000000000000000003
1022542123500018830940000316741000000                         00000007146201000000DM 00000000000000000000 01062701210002360221                    100221000000000400010400970012701210000250000000000000000000000000000000000000000000000000000000000000000000000000004000000000000000000000000000000000000000000000000000000010000000000000          0000569370264200000000000000000000000000000000000000000004
9027563094SICOOB CREDIARA          R D BOSCO                                         Centro                        38183228Araxá                         MG170220210000000300000000113                                                                                                                                                                                                                    000005
