02RETORNO01COBRANÇA       30940000327964316741J REZENDE                     756 - BANCOOB S/A 1802200000383                                                                                                                                                                                                                                                                                               000001
1022542123500018830940000316741000000                         00000005950901000000DM 00000000000000000000 01061402200028160220                    100220000000000400010400970011402200000250000000000000000000000000000000000000000000000000000000000000000000000000004004000000000000400000000000000000000000000000000000000010000000000000          0008257197068200000000000000000000000000000000000000000002
1022542123500018830940000316741000000                         00000006466601000000DM 00000000000000000000 01061302200010140320                    100320000000000400010400970011302200000250000000000000000000000000000000000000000000000000000000000000000000000000004000000000000000000000000000000000000000000000000000000010000000000000          0005764752663400000000000000000000000000000000000000000003
1022542123500018830940000316741000000                         00000005396601000000DM 00000000000000000000 01091702200024540819                    200819000000000374075630940011702200000100000000000000000000000000000000000000000000000000000000000000000000000000003740000000000000000000000000000000000000000000000000000010000000000000          0000847276465600000000000000000000000000000000000000000004
1022542123500018830940000316741000000                         00000006585801000000DM 00000000000000000000 01061302200023040220                    100220000000000400010400970011302200000250000000000000000000000000000000000000000000000000000000000000000000000000004004000000000000400000000000000000000000000000000000000010000000000000          0004225353567200000000000000000000000000000000000000000005
9027563094SICOOB CREDIARA          R D BOSCO                                         Centro                        38183228Araxá                         MG180220200000000400000000113                                                                                                                                                                                                                    000006
