02RETORNO01COBRANÇA       30940000327964316741J REZENDE                     756 - BANCOOB S/A 1102200000380                                                                                                                                                                                                                                                                                               000001
1022542123500018830940000316741000000                         00000005504201000000DM 00000000000000000000 01090702200026860819                    100819000000000374075630940010702200000100000000000000000000000000000000000000000000000000000000000000000000000000003740000000000000000000000000000000000000000000000000000010000000000000          0003407094060000000000000000000000000000000000000000000002
1022542123500018830940000316741000000                         00000005660701000000DM 00000000000000000000 01090702200029710819                    100819000000000374075630940010702200000100000000000000000000000000000000000000000000000000000000000000000000000000003740000000000000000000000000000000000000000000000000000010000000000000          0002729840060600000000000000000000000000000000000000000003
1022542123500018830940000316741000000                         00000004723701000000DM 00000000000000000000 01090702200004110819                    100819000000000374075630940010702200000100000000000000000000000000000000000000000000000000000000000000000000000000003740000000000000000000000000000000000000000000000000000010000000000000          0007246051260000000000000000000000000000000000000000000004
1022542123500018830940000316741000000                         00000006034301000000DM 00000000000000000000 01060602200017950220                    100220000000000360010400970010602200000250000000000000000000000000000000000000000000000000000000000000000000000000003600000000000000000000000000000000000000000000000000000010000000000000          0000027258068600000000000000000000000000000000000000000005
1022542123500018830940000316741000000                         00000006070901000000DM 00000000000000000000 01060702200010210220                    100220000000000360010400970010702200000250000000000000000000000000000000000000000000000000000000000000000000000000003600000000000000000000000000000000000000000000000000000010000000000000          0007187518269100000000000000000000000000000000000000000006
1022542123500018830940000316741000000                         00000005276701000000DM 00000000000000000000 01090702200017750819                    100819000000000324075630940010702200000100000000000000000000000000000000000000000000000000000000000000000000000000003240000000000000000000000000000000000000000000000000000010000000000000          0002729843469100000000000000000000000000000000000000000007
1022542123500018830940000316741000000                         00000005324601000000DM 00000000000000000000 01090702200022690819                    100819000000000374075630940010702200000100000000000000000000000000000000000000000000000000000000000000000000000000003740000000000000000000000000000000000000000000000000000010000000000000          0006307307269100000000000000000000000000000000000000000008
1022542123500018830940000316741000000                         00000004903301000000DM 00000000000000000000 01090702200007010819                    100819000000000324075630940010702200000100000000000000000000000000000000000000000000000000000000000000000000000000003240000000000000000000000000000000000000000000000000000010000000000000          0006529267760400000000000000000000000000000000000000000009
1022542123500018830940000316741000000                         00000005480001000000DM 00000000000000000000 01090702200026730819                    100819000000000374075630940010702200000100000000000000000000000000000000000000000000000000000000000000000000000000003740000000000000000000000000000000000000000000000000000010000000000000          0000945536569300000000000000000000000000000000000000000010
1022542123500018830940000316741000000                         00000005516001000000DM 00000000000000000000 01090702200027000819                    100819000000000374075630940010702200000100000000000000000000000000000000000000000000000000000000000000000000000000003740000000000000000000000000000000000000000000000000000010000000000000          0000487456467400000000000000000000000000000000000000000011
1022542123500018830940000316741000000                         00000005600501000000DM 00000000000000000000 01090702200028970819                    100819000000000374075630940010702200000100000000000000000000000000000000000000000000000000000000000000000000000000003740000000000000000000000000000000000000000000000000000010000000000000          0005968516666800000000000000000000000000000000000000000012
1022542123500018830940000316741000000                         00000004855401000000DM 00000000000000000000 01090702200005450819                    100819000000000324075630940010702200000100000000000000000000000000000000000000000000000000000000000000000000000000003240000000000000000000000000000000000000000000000000000010000000000000          0003013578866800000000000000000000000000000000000000000013
1022542123500018830940000316741000000                         00000005986301000000DM 00000000000000000000 01060402200025270220                    100220000000000400010400970010402200000250000000000000000000000000000000000000000000000000000000000000000000000000004000000000000000000000000000000000000000000000000000000010000000000000          0000677178867900000000000000000000000000000000000000000014
1022542123500018830940000316741000000                         00000006046101000000DM 00000000000000000000 01060702200024530220                    100220000000000400010400970010702200000250000000000000000000000000000000000000000000000000000000000000000000000000004000000000000000000000000000000000000000000000000000000010000000000000          0003607094764900000000000000000000000000000000000000000015
1022542123500018830940000316741000000                         00000006058001000000DM 00000000000000000000 01060702200005190220                    100220000000000360010400970010702200000250000000000000000000000000000000000000000000000000000000000000000000000000003600000000000000000000000000000000000000000000000000000010000000000000          0007188477760000000000000000000000000000000000000000000016
1022542123500018830940000316741000000                         00000006118701000000DM 00000000000000000000 01060702200029010220                    100220000000000400010400970010702200000250000000000000000000000000000000000000000000000000000000000000000000000000004000000000000000000000000000000000000000000000000000000010000000000000          0002483652468700000000000000000000000000000000000000000017
1022542123500018830940000316741000000                         00000004891001000000DM 00000000000000000000 01090702200006510819                    100819000000000324075630940010702200000100000000000000000000000000000000000000000000000000000000000000000000000000003240000000000000000000000000000000000000000000000000000010000000000000          0006345744697000000000000000000000000000000000000000000018
1022542123500018830940000316741000000                         00000004915101000000DM 00000000000000000000 01090702200008390819                    100819000000000324075630940010702200000100000000000000000000000000000000000000000000000000000000000000000000000000003240000000000000000000000000000000000000000000000000000010000000000000          0004904386264900000000000000000000000000000000000000000019
1022542123500018830940000316741000000                         00000004951701000000DM 00000000000000000000 01090702200008690819                    100819000000000324075630940010702200000100000000000000000000000000000000000000000000000000000000000000000000000000003240000000000000000000000000000000000000000000000000000010000000000000          0000027442861000000000000000000000000000000000000000000020
1022542123500018830940000316741000000                         00000006334901000000DM 00000000000000000000 01060702200010920220                    100220000000000360010400970010702200000250000000000000000000000000000000000000000000000000000000000000000000000000003600000000000000000000000000000000000000000000000000000010000000000000          0007570230469100000000000000000000000000000000000000000021
1022542123500018830940000316741000000                         00000005624101000000DM 00000000000000000000 01090702200029060819                    100819000000000374075630940010702200000100000000000000000000000000000000000000000000000000000000000000000000000000003740000000000000000000000000000000000000000000000000000010000000000000          0007331229087200000000000000000000000000000000000000000022
1022542123500018830940000316741000000                         00000005636001000000DM 00000000000000000000 01090702200029630819                    100819000000000374075630940010702200000100000000000000000000000000000000000000000000000000000000000000000000000000003740000000000000000000000000000000000000000000000000000010000000000000          0000559499965500000000000000000000000000000000000000000023
1022542123500018830940000316741000000                         00000005696101000000DM 00000000000000000000 01090702200030680819                    100819000000000374075630940010702200000100000000000000000000000000000000000000000000000000000000000000000000000000003740000000000000000000000000000000000000000000000000000010000000000000          0000377887650300000000000000000000000000000000000000000024
1022542123500018830940000316741000000                         00000005264901000000DM 00000000000000000000 01090702200017340819                    100819000000000324075630940010702200000100000000000000000000000000000000000000000000000000000000000000000000000000003240000000000000000000000000000000000000000000000000000010000000000000          0006300667766800000000000000000000000000000000000000000025
1022542123500018830940000316741000000                         00000005312801000000DM 00000000000000000000 01090702200022660819                    100819000000000374075630940010702200000100000000000000000000000000000000000000000000000000000000000000000000000000003740000000000000000000000000000000000000000000000000000010000000000000          0004170441060600000000000000000000000000000000000000000026
1022542123500018830940000316741000000                         00000006214001000000DM 00000000000000000000 01060702200010200220                    100220000000000400010400970010702200000250000000000000000000000000000000000000000000000000000000000000000000000000004000000000000000000000000000000000000000000000000000000010000000000000          0003616071763400000000000000000000000000000000000000000027
1022542123500018830940000316741000000                         00000005716401000000DM 00000000000000000000 01090702200030700819                    100819000000000374075630940010702200000100000000000000000000000000000000000000000000000000000000000000000000000000003740000000000000000000000000000000000000000000000000000010000000000000          0001212798465000000000000000000000000000000000000000000028
1022542123500018830940000316741000000                         00000005143201000000DM 00000000000000000000 01090702200014480819                    100819000000000324075630940010702200000100000000000000000000000000000000000000000000000000000000000000000000000000003240000000000000000000000000000000000000000000000000000010000000000000          0005227926069700000000000000000000000000000000000000000029
1022542123500018830940000316741000000                         00000005300001000000DM 00000000000000000000 01090702200017950819                    100819000000000324075630940010702200000100000000000000000000000000000000000000000000000000000000000000000000000000003240000000000000000000000000000000000000000000000000000010000000000000          0000027258068600000000000000000000000000000000000000000030
1022542123500018830940000316741000000                         00000005372001000000DM 00000000000000000000 01090702200023970819                    100819000000000374075630940010702200000100000000000000000000000000000000000000000000000000000000000000000000000000003740000000000000000000000000000000000000000000000000000010000000000000          0007188737762000000000000000000000000000000000000000000031
1022542123500018830940000316741000000                         00000005408001000000DM 00000000000000000000 01090702200024730819                    100819000000000374075630940010702200000100000000000000000000000000000000000000000000000000000000000000000000000000003740000000000000000000000000000000000000000000000000000010000000000000          0001603579869100000000000000000000000000000000000000000032
1022542123500018830940000316741000000                         00000004699401000000DM 00000000000000000000 01090702200002470819                    100819000000000324075630940010702200000100000000000000000000000000000000000000000000000000000000000000000000000000003240000000000000000000000000000000000000000000000000000010000000000000          0000356167569700000000000000000000000000000000000000000033
1022542123500018830940000316741000000                         00000004711901000000DM 00000000000000000000 01090702200002560819                    100819000000000324075630940010702200000100000000000000000000000000000000000000000000000000000000000000000000000000003240000000000000000000000000000000000000000000000000000010000000000000          0000474784860600000000000000000000000000000000000000000034
1022542123500018830940000316741000000                         00000005444501000000DM 00000000000000000000 01090702200025960819                    100819000000000374075630940010702200000100000000000000000000000000000000000000000000000000000000000000000000000000003740000000000000000000000000000000000000000000000000000010000000000000          0009277829168700000000000000000000000000000000000000000035
1022542123500018830940000316741000000                         00000005740101000000DM 00000000000000000000 01090702200029220819                    100819000000000374075630940010702200000100000000000000000000000000000000000000000000000000000000000000000000000000003740000000000000000000000000000000000000000000000000000010000000000000          0005554795862000000000000000000000000000000000000000000036
1022542123500018830940000316741000000                         00000005863201000000DM 00000000000000000000 01090702201000180719                    100819000000006554075630940010702200000100000000000000000000000000000000000000000000000000000000000000000000000000065540000000000000000000000000000000000000000000000000000010000000000000          1823706600016500000000000000000000000000000000000000000037
1022542123500018830940000316741000000                         00000005926101000000DM 00000000000000000000 01060502200014950220                    100220000000000360010400970010502200000250000000000000000000000000000000000000000000000000000000000000000000000000003600000000000000000000000000000000000000000000000000000010000000000000          0000136752462800000000000000000000000000000000000000000038
1022542123500018830940000316741000000                         00000005962701000000DM 00000000000000000000 01060602200001140220                    100220000000000360010400970010602200000250000000000000000000000000000000000000000000000000000000000000000000000000003600000000000000000000000000000000000000000000000000000010000000000000          0004897155363400000000000000000000000000000000000000000039
1022542123500018830940000316741000000                         00000006022501000000DM 00000000000000000000 01060602200013270220                    100220000000000360010400970010602200000250000000000000000000000000000000000000000000000000000000000000000000000000003600000000000000000000000000000000000000000000000000000010000000000000          0005974586069700000000000000000000000000000000000000000040
1022542123500018830940000316741000000                         00000006094501000000DM 00000000000000000000 01060702200016360220                    100220000000000400010400970010702200000250000000000000000000000000000000000000000000000000000000000000000000000000004000000000000000000000000000000000000000000000000000000010000000000000          0004340692069100000000000000000000000000000000000000000041
1022542123500018830940000316741000000                         00000005131401000000DM 00000000000000000000 01090702200014430819                    100819000000000324075630940010702200000100000000000000000000000000000000000000000000000000000000000000000000000000003240000000000000000000000000000000000000000000000000000010000000000000          0000696140365400000000000000000000000000000000000000000042
1022542123500018830940000316741000000                         00000005288501000000DM 00000000000000000000 01090702200017830819                    100819000000000324075630940010702200000100000000000000000000000000000000000000000000000000000000000000000000000000003240000000000000000000000000000000000000000000000000000010000000000000          0007674540669100000000000000000000000000000000000000000043
1022542123500018830940000316741000000                         00000005336401000000DM 00000000000000000000 01090702200022820819                    100819000000000324075630940010702200000100000000000000000000000000000000000000000000000000000000000000000000000000003240000000000000000000000000000000000000000000000000000010000000000000          0007188059365300000000000000000000000000000000000000000044
1022542123500018830940000316741000000                         00000005420901000000DM 00000000000000000000 01090702200025190819                    100819000000000374075630940010702200000100000000000000000000000000000000000000000000000000000000000000000000000000003740000000000000000000000000000000000000000000000000000010000000000000          0008540006863400000000000000000000000000000000000000000045
1022542123500018830940000316741000000                         00000005528901000000DM 00000000000000000000 01090702200027130819                    100819000000000374075630940010702200000100000000000000000000000000000000000000000000000000000000000000000000000000003740000000000000000000000000000000000000000000000000000010000000000000          0009652261564900000000000000000000000000000000000000000046
1022542123500018830940000316741000000                         00000006310201000000DM 00000000000000000000 01060702200004270220                    100220000000000360010400970010702200000250000000000000000000000000000000000000000000000000000000000000000000000000003600000000000000000000000000000000000000000000000000000010000000000000          0000329979965700000000000000000000000000000000000000000047
1022542123500018830940000316741000000                         00000006382201000000DM 00000000000000000000 01060702200028810220                    100220000000000400010400970010702200000250000000000000000000000000000000000000000000000000000000000000000000000000004000000000000000000000000000000000000000000000000000000010000000000000          0002729612165300000000000000000000000000000000000000000048
9027563094SICOOB CREDIARA          R D BOSCO                                         Centro                        38183228Araxá                         MG110220200000004700000000113                                                                                                                                                                                                                    000049
