02RETORNO01COBRANÇA       30940000327964316741J REZENDE                     756 - BANCOOB S/A 1102200000381                                                                                                                                                                                                                                                                                               000001
1022542123500018830940000316741000000                         00000006190801000000DM 00000000000000000000 01061002200009010220                    100220000000000360010400970011002200000250000000000000000000000000000000000000000000000000000000000000000000000000003600000000000000000000000000000000000000000000000000000010000000000000          0009470166060400000000000000000000000000000000000000000002
1022542123500018830940000316741000000                         00000005974501000000DM 00000000000000000000 01061002200015980220                    100220000000000360010400970011002200000250000000000000000000000000000000000000000000000000000000000000000000000000003600000000000000000000000000000000000000000000000000000010000000000000          0007886934067800000000000000000000000000000000000000000003
1022542123500018830940000316741000000                         00000006082701000000DM 00000000000000000000 01061002200011030220                    100220000000000360023716910011002200000250000000000000000000000000000000000000000000000000000000000000000000000000003600000000000000000000000000000000000000000000000000000010000000000000          0008715135969100000000000000000000000000000000000000000004
1022542123500018830940000316741000000                         00000006250501000000DM 00000000000000000000 01061002200028150220                    100220000000000400010400970011002200000250000000000000000000000000000000000000000000000000000000000000000000000000004000000000000000000000000000000000000000000000000000000010000000000000          0001026372666500000000000000000000000000000000000000000005
1022542123500018830940000316741000000                         00000006726701000000DM 00000000000000000000 01061002200008410220                    100220000000000360010400970011002200000250000000000000000000000000000000000000000000000000000000000000000000000000003600000000000000000000000000000000000000000000000000000010000000000000          0004459589168700000000000000000000000000000000000000000006
1022542123500018830940000316741000000                         00000006418201000000DM 00000000000000000000 01061002200004160220                    100220000000000360034109440011002200000250000000000000000000000000000000000000000000000000000000000000000000000000003600000000000000000000000000000000000000000000000000000010000000000000          0009147587261500000000000000000000000000000000000000000007
1022542123500018830940000316741000000                         00000006322001000000DM 00000000000000000000 01061002200005930220                    100220000000000360010400970011002200000250000000000000000000000000000000000000000000000000000000000000000000000000003600000000000000000000000000000000000000000000000000000010000000000000          0003023575860400000000000000000000000000000000000000000008
1022542123500018830940000316741000000                         00000006394001000000DM 00000000000000000000 01061002200030690220                    100220000000000400075630940011002200000250000000000000000000000000000000000000000000000000000000000000000000000000004000000000000000000000000000000000000000000000000000000010000000000000          0006037461660400000000000000000000000000000000000000000009
1022542123500018830940000316741000000                         00000006745701000000DM 00000000000000000000 01061002201000251219                    100220000000000726010400970011002200000250000000000000000000000000000000000000000000000000000000000000000000000000007260000000000000000000000000000000000000000000000000000010000000000000          2604146700017300000000000000000000000000000000000000000010
1022542123500018830940000316741000000                         00000006166001000000DM 00000000000000000000 01061002200006480220                    100220000000000400010400970011002200000250000000000000000000000000000000000000000000000000000000000000000000000000004000000000000000000000000000000000000000000000000000000010000000000000          0001612677762000000000000000000000000000000000000000000011
1022542123500018830940000316741000000                         00000006358501000000DM 00000000000000000000 01061002200023970220                    100220000000000400010400970011002200000250000000000000000000000000000000000000000000000000000000000000000000000000004000000000000000000000000000000000000000000000000000000010000000000000          0007188737762000000000000000000000000000000000000000000012
1022542123500018830940000316741000000                         00000006370401000000DM 00000000000000000000 01061002200026650220                    100220000000000400034109440011002200000250000000000000000000000000000000000000000000000000000000000000000000000000004000000000000000000000000000000000000000000000000000000010000000000000          0000694769266000000000000000000000000000000000000000000013
1022542123500018830940000316741000000                         00000006747101000000DM 00000000000000000000 01061002201000250120                    100220000000039240010400970011002200000250000000000000000000000000000000000000000000000000000000000000000000000000392400000000000000000000000000000000000000000000000000000010000000000000          1987655600017400000000000000000000000000000000000000000014
1022542123500018830940000316741000000                         00000006286001000000DM 00000000000000000000 01061002200000410220                    100220000000000360010400970011002200000250000000000000000000000000000000000000000000000000000000000000000000000000003600000000000000000000000000000000000000000000000000000010000000000000          0000565324365500000000000000000000000000000000000000000015
1022542123500018830940000316741000000                         00000006346701000000DM 00000000000000000000 01061002200014700220                    100220000000000360010400970011002200000250000000000000000000000000000000000000000000000000000000000000000000000000003600000000000000000000000000000000000000000000000000000010000000000000          0008318973461500000000000000000000000000000000000000000016
1022542123500018830940000316741000000                         00000006740001000000DM 00000000000000000000 01061002201000120120                    100220000000000380000102100011002200000250000000000000000000000000000000000000000000000000000000000000000000000000003800000000000000000000000000000000000000000000000000000010000000000000          7097216100012200000000000000000000000000000000000000000017
1022542123500018830940000316741000000                         00000006743201000000DM 00000000000000000000 01061002201000270220                    100220000000002072075630940011002200000250000000000000000000000000000000000000000000000000000000000000000000000000020720000000000000000000000000000000000000000000000000000010000000000000          0534793700015100000000000000000000000000000000000000000018
9027563094SICOOB CREDIARA          R D BOSCO                                         Centro                        38183228Araxá                         MG110220200000001700000000113                                                                                                                                                                                                                    000019
