02RETORNO01COBRANÇA       30940000327964316741J REZENDE                     756 - BANCOOB S/A 0302200000379                                                                                                                                                                                                                                                                                               000001
1022542123500018830940000316741000000                         00000006703801000000DM 00000000000000000000 01062901201000071219                    100120000000000349000142020012901200000250000000000000000000000000000000000000000000000000000000000000000000000000003493000000000000300000000000000000000000000000000000000010000000000000          7097303700069600000000000000000000000000000000000000000002
1022542123500018830940000316741000000                         00000006572201000000DM 00000000000000000000 01062901200026050120                    100120000000000400075640790012901200000250000000000000000000000000000000000000000000000000000000000000000000000000004004000000000000400000000000000000000000000000000000000010000000000000          0000258153466400000000000000000000000000000000000000000003
1022542123500018830940000316741000000                         00000006537401000000DM 00000000000000000000 01062801200010620220                    100220000000000360000102100012801200000250000000000000000000000000000000000000000000000000000000000000000000000000003600000000000000000000000000000000000000000000000000000010000000000000          0000055756263500000000000000000000000000000000000000000004
1022542123500018830940000316741000000                         00000006669101000000DM 00000000000000000000 01062901201000101119                    101219000000003026500142020012901200000250000000000000000000000000000000000000000000000000000000000000000000000000030295000000000003000000000000000000000000000000000000000010000000000000          7097303700034300000000000000000000000000000000000000000005
1022542123500018830940000316741000000                         00000006671701000000DM 00000000000000000000 01062901201000151119                    101219000000000349000142020012901200000250000000000000000000000000000000000000000000000000000000000000000000000000003493000000000000300000000000000000000000000000000000000010000000000000          7097303700093900000000000000000000000000000000000000000006
1022542123500018830940000316741000000                         00000006633701000000DM 00000000000000000000 01062701200002360220                    100220000000000400010400970012701200000250000000000000000000000000000000000000000000000000000000000000000000000000004000000000000000000000000000000000000000000000000000000010000000000000          0000569370264200000000000000000000000000000000000000000007
1022542123500018830940000316741000000                         00000006706001000000DM 00000000000000000000 01062901201000151219                    100120000000000349000142020012901200000250000000000000000000000000000000000000000000000000000000000000000000000000003493000000000000300000000000000000000000000000000000000010000000000000          7097303700093900000000000000000000000000000000000000000008
1022542123500018830940000316741000000                         00000006668401000000DM 00000000000000000000 01062901201000071119                    101219000000000349000142020012901200000250000000000000000000000000000000000000000000000000000000000000000000000000003493000000000000300000000000000000000000000000000000000010000000000000          7097303700069600000000000000000000000000000000000000000009
9027563094SICOOB CREDIARA          R D BOSCO                                         Centro                        38183228Araxá                         MG030220200000000800000000113                                                                                                                                                                                                                    000010
