02RETORNO01COBRANÇA       30940000327964316741J REZENDE                     756 - BANCOOB S/A 1202200000382                                                                                                                                                                                                                                                                                               000001
1022542123500018830940000316741000000                         00000006262301000000DM 00000000000000000000 01061102200030140220                    100220000000000400000113320011102200000250000000000000000000000000000000000000000000000000000000000000000000000000004004000000000000400000000000000000000000000000000000000010000000000000          0000506908968400000000000000000000000000000000000000000002
1022542123500018830940000316741000000                         00000006298801000000DM 00000000000000000000 01061102200004140220                    100220000000000400003334670011102200000250000000000000000000000000000000000000000000000000000000000000000000000000004004000000000000400000000000000000000000000000000000000010000000000000          0000303613564200000000000000000000000000000000000000000003
1022542123500018830940000316741000000                         00000006178901000000DM 00000000000000000000 01061102200008390220                    100220000000000360010400970011102200000250000000000000000000000000000000000000000000000000000000000000000000000000003603000000000000300000000000000000000000000000000000000010000000000000          0004904386264900000000000000000000000000000000000000000004
9027563094SICOOB CREDIARA          R D BOSCO                                         Centro                        38183228Araxá                         MG120220200000000300000000113                                                                                                                                                                                                                    000005
