02RETORNO01COBRANÇA       30940000327964316741J REZENDE - ME                756 - BANCOOB S/A 0904180000216                                                                                                                                                                                                                                                                                               000001
1022542123500018830940000316741000000                         00000003277601000000DM 00000000000000000000 01060604180012200418                    100418000000000324010400970010604180000250000000000000000000000000000000000000000000000000000000000000000000000000003240000000000000000000000000000000000000000000000000000010000000000000          0005183755876000000000000000000000000000000000000000000002
1022542123500018830940000316741000000                         00000003361001000000DM 00000000000000000000 01060604180024530418                    100418000000000374010400970010604180000250000000000000000000000000000000000000000000000000000000000000000000000000003740000000000000000000000000000000000000000000000000000010000000000000          0003607094764900000000000000000000000000000000000000000003
1022542123500018830940000316741000000                         00000003505101000000DM 00000000000000000000 01060604180017340418                    100418000000000324010400970010604180000250000000000000000000000000000000000000000000000000000000000000000000000000003240000000000000000000000000000000000000000000000000000010000000000000          0006300667766800000000000000000000000000000000000000000004
1022542123500018830940000316741000000                         00000003517001000000DM 00000000000000000000 01060504180017750418                    100418000000000324010400970010504180000250000000000000000000000000000000000000000000000000000000000000000000000000003240000000000000000000000000000000000000000000000000000010000000000000          0002729843469100000000000000000000000000000000000000000005
1022542123500018830940000316741000000                         00000003493801000000DM 00000000000000000000 01060504180017220418                    100418000000000324010400970010504180000250000000000000000000000000000000000000000000000000000000000000000000000000003240000000000000000000000000000000000000000000000000000010000000000000          0000326379860000000000000000000000000000000000000000000006
1022542123500018830940000316741000000                         00000002769701000000DM 00000000000000000000 01060604180001140418                    100418000000000324034199260010604180000250000000000000000000000000000000000000000000000000000000000000000000000000003240000000000000000000000000000000000000000000000000000010000000000000          0004897155363400000000000000000000000000000000000000000007
1022542123500018830940000316741000000                         00000002817601000000DM 00000000000000000000 01060604180003300418                    100418000000000324010400970010604180000250000000000000000000000000000000000000000000000000000000000000000000000000003240000000000000000000000000000000000000000000000000000010000000000000          0000916024261200000000000000000000000000000000000000000008
1022542123500018830940000316741000000                         00000002965101000000DM 00000000000000000000 01060504180004350418                    100418000000000324010400970010504180000250000000000000000000000000000000000000000000000000000000000000000000000000003240000000000000000000000000000000000000000000000000000010000000000000          0001514063611500000000000000000000000000000000000000000009
1022542123500018830940000316741000000                         00000003977901000000DM 00000000000000000000 01060504180026740418                    100418000000000374023716910010504180000250000000000000000000000000000000000000000000000000000000000000000000000000003740000000000000000000000000000000000000000000000000000010000000000000          0000954360460600000000000000000000000000000000000000000010
1022542123500018830940000316741000000                         00000003660901000000DM 00000000000000000000 01060604180028820418                    100418000000000374010400970010604180000250000000000000000000000000000000000000000000000000000000000000000000000000003740000000000000000000000000000000000000000000000000000010000000000000          0002486093060600000000000000000000000000000000000000000011
1022542123500018830940000316741000000                         00000003241101000000DM 00000000000000000000 01060504180010460418                    100418000000000324010400970010504180000250000000000000000000000000000000000000000000000000000000000000000000000000003240000000000000000000000000000000000000000000000000000010000000000000          0000013014064300000000000000000000000000000000000000000012
9027563094SICOOB CREDIARA          RUA MARIA RITA DE AGUIAR                          CENTRO                        38183236ARAXÁ                         MG090420180000001100000000113                                                                                                                                                                                                                    000013
