02RETORNO01COBRANÇA       30940000327964316741J REZENDE - ME                756 - BANCOOB S/A 1004180000217                                                                                                                                                                                                                                                                                               000001
1022542123500018830940000316741000000                         00000000690201000000DM 00000000000000000000 01090904180009501017                    101017000000000294075630940010904180000000000000000000000000000000000000000000000000000000000000000000000000000000002940000000000000000000000000000000000000000000000000000010000000000000          0002436214069700000000000000000000000000000000000000000002
1022542123500018830940000316741000000                         00000002169601000000DM 00000000000000000000 01090904180027001017                    101017000000000349075630940010904180000000000000000000000000000000000000000000000000000000000000000000000000000000003490000000000000000000000000000000000000000000000000000010000000000000          0000487456467400000000000000000000000000000000000000000003
1022542123500018830940000316741000000                         00000000243901000000DM 00000000000000000000 01090904180003301017                    101017000000000294075630940010904180000000000000000000000000000000000000000000000000000000000000000000000000000000002940000000000000000000000000000000000000000000000000000010000000000000          0000916024261200000000000000000000000000000000000000000004
1022542123500018830940000316741000000                         00000000207301000000DM 00000000000000000000 01090904180002561017                    101017000000000294075630940010904180000000000000000000000000000000000000000000000000000000000000000000000000000000002940000000000000000000000000000000000000000000000000000010000000000000          0000474784860600000000000000000000000000000000000000000005
1022542123500018830940000316741000000                         00000000171301000000DM 00000000000000000000 01090904180001141017                    101017000000000294075630940010904180000000000000000000000000000000000000000000000000000000000000000000000000000000002940000000000000000000000000000000000000000000000000000010000000000000          0004897155363400000000000000000000000000000000000000000006
1022542123500018830940000316741000000                         00000000460801000000DM 00000000000000000000 01090904180007351017                    101017000000000294075630940010904180000000000000000000000000000000000000000000000000000000000000000000000000000000002940000000000000000000000000000000000000000000000000000010000000000000          0001043534261400000000000000000000000000000000000000000007
1022542123500018830940000316741000000                         00000000726201000000DM 00000000000000000000 01090904180010141017                    101017000000000349075630940010904180000000000000000000000000000000000000000000000000000000000000000000000000000000003490000000000000000000000000000000000000000000000000000010000000000000          0005764752663400000000000000000000000000000000000000000008
1022542123500018830940000316741000000                         00000000810701000000DM 00000000000000000000 01090904180011031017                    101017000000000294075630940010904180000000000000000000000000000000000000000000000000000000000000000000000000000000002940000000000000000000000000000000000000000000000000000010000000000000          0008715135969100000000000000000000000000000000000000000009
1022542123500018830940000316741000000                         00000001518901000000DM 00000000000000000000 01090904180028311017                    101017000000000349075630940010904180000000000000000000000000000000000000000000000000000000000000000000000000000000003490000000000000000000000000000000000000000000000000000010000000000000          0000512998361000000000000000000000000000000000000000000010
1022542123500018830940000316741000000                         00000001530801000000DM 00000000000000000000 01090904180028531017                    101017000000000349075630940010904180000000000000000000000000000000000000000000000000000000000000000000000000000000003490000000000000000000000000000000000000000000000000000010000000000000          0007188229465300000000000000000000000000000000000000000011
1022542123500018830940000316741000000                         00000002389701000000DM 00000000000000000000 01090904180002361017                    101017000000000349075630940010904180000000000000000000000000000000000000000000000000000000000000000000000000000000003490000000000000000000000000000000000000000000000000000010000000000000          0000569370264200000000000000000000000000000000000000000012
1022542123500018830940000316741000000                         00000001398401000000DM 00000000000000000000 01090904180023331017                    101017000000000349075630940010904180000000000000000000000000000000000000000000000000000000000000000000000000000000003490000000000000000000000000000000000000000000000000000010000000000000          0005961869865300000000000000000000000000000000000000000013
1022542123500018830940000316741000000                         00000000882701000000DM 00000000000000000000 01090904180012101017                    101017000000000294075630940010904180000000000000000000000000000000000000000000000000000000000000000000000000000000002940000000000000000000000000000000000000000000000000000010000000000000          0007188717265300000000000000000000000000000000000000000014
1022542123500018830940000316741000000                         00000001313901000000DM 00000000000000000000 01090904180030210917                    101017000000000319075630940010904180000000000000000000000000000000000000000000000000000000000000000000000000000000003190000000000000000000000000000000000000000000000000000010000000000000          0000821220462600000000000000000000000000000000000000000015
1022542123500018830940000316741000000                         00000002499201000000DM 00000000000000000000 01090904180030421017                    101017000000000349075630940010904180000000000000000000000000000000000000000000000000000000000000000000000000000000003490000000000000000000000000000000000000000000000000000010000000000000          0001076302165200000000000000000000000000000000000000000016
1022542123500018830940000316741000000                         00000002580501000000DM 00000000000000000000 01090904180030461017                    101017000000000349075630940010904180000000000000000000000000000000000000000000000000000000000000000000000000000000003490000000000000000000000000000000000000000000000000000010000000000000          0000149822561600000000000000000000000000000000000000000017
1022542123500018830940000316741000000                         00000003965001000000DM 00000000000000000000 01060904180026710418                    100418000000000374010400970010904180000250000000000000000000000000000000000000000000000000000000000000000000000000003740000000000000000000000000000000000000000000000000000010000000000000          0005764341515300000000000000000000000000000000000000000018
1022542123500018830940000316741000000                         00000004253901000000DM 00000000000000000000 01060904180029060418                    100418000000000374010400970010904180000250000000000000000000000000000000000000000000000000000000000000000000000000003740000000000000000000000000000000000000000000000000000010000000000000          0007331229087200000000000000000000000000000000000000000019
1022542123500018830940000316741000000                         00000003049601000000DM 00000000000000000000 01060904180008410418                    100418000000000324010400970010904180000250000000000000000000000000000000000000000000000000000000000000000000000000003240000000000000000000000000000000000000000000000000000010000000000000          0004459589168700000000000000000000000000000000000000000020
1022542123500018830940000316741000000                         00000003313701000000DM 00000000000000000000 01060904180013270418                    100418000000000324010400970010904180000250000000000000000000000000000000000000000000000000000000000000000000000000003240000000000000000000000000000000000000000000000000000010000000000000          0005974586069700000000000000000000000000000000000000000021
1022542123500018830940000316741000000                         00000002781601000000DM 00000000000000000000 01060904180001520418                    100418000000000324010400970010904180000250000000000000000000000000000000000000000000000000000000000000000000000000003240000000000000000000000000000000000000000000000000000010000000000000          0000719132169500000000000000000000000000000000000000000022
1022542123500018830940000316741000000                         00000000231001000000DM 00000000000000000000 01090904180003211017                    101017000000000294075630940010904180000000000000000000000000000000000000000000000000000000000000000000000000000000002940000000000000000000000000000000000000000000000000000010000000000000          0001995483265300000000000000000000000000000000000000000023
1022542123500018830940000316741000000                         00000000738001000000DM 00000000000000000000 01090904180010201017                    101017000000000349075630940010904180000000000000000000000000000000000000000000000000000000000000000000000000000000003490000000000000000000000000000000000000000000000000000010000000000000          0003616071763400000000000000000000000000000000000000000024
1022542123500018830940000316741000000                         00000002073401000000DM 00000000000000000000 01090904180026581017                    101017000000000349075630940010904180000000000000000000000000000000000000000000000000000000000000000000000000000000003490000000000000000000000000000000000000000000000000000010000000000000          0003032597862000000000000000000000000000000000000000000025
1022542123500018830940000316741000000                         00000000219101000000DM 00000000000000000000 01090904180003181017                    101017000000000294075630940010904180000000000000000000000000000000000000000000000000000000000000000000000000000000002940000000000000000000000000000000000000000000000000000010000000000000          0000949559261500000000000000000000000000000000000000000026
1022542123500018830940000316741000000                         00000000123001000000DM 00000000000000000000 01090904180000481017                    101017000000000294075630940010904180000000000000000000000000000000000000000000000000000000000000000000000000000000002940000000000000000000000000000000000000000000000000000010000000000000          0005239992363400000000000000000000000000000000000000000027
1022542123500018830940000316741000000                         00000000400601000000DM 00000000000000000000 01090904180006511017                    101017000000000294075630940010904180000000000000000000000000000000000000000000000000000000000000000000000000000000002940000000000000000000000000000000000000000000000000000010000000000000          0006345744697000000000000000000000000000000000000000000028
1022542123500018830940000316741000000                         00000000508601000000DM 00000000000000000000 01090904180007931017                    101017000000000294075630940010904180000000000000000000000000000000000000000000000000000000000000000000000000000000002940000000000000000000000000000000000000000000000000000010000000000000          0005103575868700000000000000000000000000000000000000000029
1022542123500018830940000316741000000                         00000001350101000000DM 00000000000000000000 01090904180022731017                    101017000000000349075630940010904180000000000000000000000000000000000000000000000000000000000000000000000000000000003490000000000000000000000000000000000000000000000000000010000000000000          0008144163060000000000000000000000000000000000000000000030
1022542123500018830940000316741000000                         00000001362001000000DM 00000000000000000000 01090904180022821017                    101017000000000294075630940010904180000000000000000000000000000000000000000000000000000000000000000000000000000000002940000000000000000000000000000000000000000000000000000010000000000000          0007188059365300000000000000000000000000000000000000000031
1022542123500018830940000316741000000                         00000001905001000000DM 00000000000000000000 01090904180030381017                    101017000000000349075630940010904180000000000000000000000000000000000000000000000000000000000000000000000000000000003490000000000000000000000000000000000000000000000000000010000000000000          0000390944564000000000000000000000000000000000000000000032
1022542123500018830940000316741000000                         00000001422701000000DM 00000000000000000000 01090904180023621017                    101017000000000294075630940010904180000000000000000000000000000000000000000000000000000000000000000000000000000000002940000000000000000000000000000000000000000000000000000010000000000000          0009217048054400000000000000000000000000000000000000000033
1022542123500018830940000316741000000                         00000001458101000000DM 00000000000000000000 01090904180027701017                    101017000000000349075630940010904180000000000000000000000000000000000000000000000000000000000000000000000000000000003490000000000000000000000000000000000000000000000000000010000000000000          0000890660760100000000000000000000000000000000000000000034
1022542123500018830940000316741000000                         00000001470001000000DM 00000000000000000000 01090904180027731017                    101017000000000349075630940010904180000000000000000000000000000000000000000000000000000000000000000000000000000000003490000000000000000000000000000000000000000000000000000010000000000000          0006612363169100000000000000000000000000000000000000000035
1022542123500018830940000316741000000                         00000001977001000000DM 00000000000000000000 01090904180025771017                    101017000000000349075630940010904180000000000000000000000000000000000000000000000000000000000000000000000000000000003490000000000000000000000000000000000000000000000000000010000000000000          0003225644269100000000000000000000000000000000000000000036
1022542123500018830940000316741000000                         00000002001401000000DM 00000000000000000000 01090904180025921017                    101017000000000349075630940010904180000000000000000000000000000000000000000000000000000000000000000000000000000000003490000000000000000000000000000000000000000000000000000010000000000000          0009838358266800000000000000000000000000000000000000000037
1022542123500018830940000316741000000                         00000000942401000000DM 00000000000000000000 01090904180013511017                    101017000000000294075630940010904180000000000000000000000000000000000000000000000000000000000000000000000000000000002940000000000000000000000000000000000000000000000000000010000000000000          0009006468266800000000000000000000000000000000000000000038
1022542123500018830940000316741000000                         00000001026901000000DM 00000000000000000000 01090904180024791017                    101017000000000349075630940010904180000000000000000000000000000000000000000000000000000000000000000000000000000000003490000000000000000000000000000000000000000000000000000010000000000000          0000302933999800000000000000000000000000000000000000000039
1022542123500018830940000316741000000                         00000002341401000000DM 00000000000000000000 01090904180011101017                    101017000000000294075630940010904180000000000000000000000000000000000000000000000000000000000000000000000000000000002940000000000000000000000000000000000000000000000000000010000000000000          0005856618068200000000000000000000000000000000000000000040
1022542123500018830940000316741000000                         00000000472601000000DM 00000000000000000000 01090904180007401017                    101017000000000294075630940010904180000000000000000000000000000000000000000000000000000000000000000000000000000000002940000000000000000000000000000000000000000000000000000010000000000000          0005051206417200000000000000000000000000000000000000000041
1022542123500018830940000316741000000                         00000003109301000000DM 00000000000000000000 01060904180005350418                    100418000000000324010400970010904180000250000000000000000000000000000000000000000000000000000000000000000000000000003240000000000000000000000000000000000000000000000000000010000000000000          0000659773163800000000000000000000000000000000000000000042
1022542123500018830940000316741000000                         00000003672701000000DM 00000000000000000000 01060904180028890418                    100418000000000374010400970010904180000250000000000000000000000000000000000000000000000000000000000000000000000000003740000000000000000000000000000000000000000000000000000010000000000000          0000564891363000000000000000000000000000000000000000000043
1022542123500018830940000316741000000                         00000002793401000000DM 00000000000000000000 01060904180002470418                    100418000000000324010400970010904180000250000000000000000000000000000000000000000000000000000000000000000000000000003240000000000000000000000000000000000000000000000000000010000000000000          0000356167569700000000000000000000000000000000000000000044
1022542123500018830940000316741000000                         00000000315401000000DM 00000000000000000000 01090904180004231017                    101017000000000294075630940010904180000000000000000000000000000000000000000000000000000000000000000000000000000000002940000000000000000000000000000000000000000000000000000010000000000000          0005724833867200000000000000000000000000000000000000000045
1022542123500018830940000316741000000                         00000000834301000000DM 00000000000000000000 01090904180011231017                    101017000000000294075630940010904180000000000000000000000000000000000000000000000000000000000000000000000000000000002940000000000000000000000000000000000000000000000000000010000000000000          0000702724661900000000000000000000000000000000000000000046
1022542123500018830940000316741000000                         00000001746901000000DM 00000000000000000000 01090904180029781017                    101017000000000349075630940010904180000000000000000000000000000000000000000000000000000000000000000000000000000000003490000000000000000000000000000000000000000000000000000010000000000000          0000781177065200000000000000000000000000000000000000000047
1022542123500018830940000316741000000                         00000001050601000000DM 00000000000000000000 01090904180025831017                    101017000000000349075630940010904180000000000000000000000000000000000000000000000000000000000000000000000000000000003490000000000000000000000000000000000000000000000000000010000000000000          0001065186460700000000000000000000000000000000000000000048
1022542123500018830940000316741000000                         00000002133101000000DM 00000000000000000000 01090904180026751017                    101017000000000349075630940010904180000000000000000000000000000000000000000000000000000000000000000000000000000000003490000000000000000000000000000000000000000000000000000010000000000000          0001130201368800000000000000000000000000000000000000000049
1022542123500018830940000316741000000                         00000002157801000000DM 00000000000000000000 01090904180026891017                    101017000000000349075630940010904180000000000000000000000000000000000000000000000000000000000000000000000000000000003490000000000000000000000000000000000000000000000000000010000000000000          0000027534863600000000000000000000000000000000000000000050
1022542123500018830940000316741000000                         00000002205701000000DM 00000000000000000000 01090904180027361017                    101017000000000349075630940010904180000000000000000000000000000000000000000000000000000000000000000000000000000000003490000000000000000000000000000000000000000000000000000010000000000000          0006724457262000000000000000000000000000000000000000000051
1022542123500018830940000316741000000                         00000002401101000000DM 00000000000000000000 01090904180009991017                    101017000000000294075630940010904180000000000000000000000000000000000000000000000000000000000000000000000000000000002940000000000000000000000000000000000000000000000000000010000000000000          0007875360064900000000000000000000000000000000000000000052
1022542123500018830940000316741000000                         00000002413001000000DM 00000000000000000000 01090904180015601017                    101017000000000294075630940010904180000000000000000000000000000000000000000000000000000000000000000000000000000000002940000000000000000000000000000000000000000000000000000010000000000000          0000477735789900000000000000000000000000000000000000000053
1022542123500018830940000316741000000                         00000002353201000000DM 00000000000000000000 01090904180029791017                    101017000000000349075630940010904180000000000000000000000000000000000000000000000000000000000000000000000000000000003490000000000000000000000000000000000000000000000000000010000000000000          0000858497662000000000000000000000000000000000000000000054
1022542123500018830940000316741000000                         00000000954201000000DM 00000000000000000000 01090904180013891017                    101017000000000294075630940010904180000000000000000000000000000000000000000000000000000000000000000000000000000000002940000000000000000000000000000000000000000000000000000010000000000000          0000690262868800000000000000000000000000000000000000000055
1022542123500018830940000316741000000                         00000001289601000000DM 00000000000000000000 01090904180030190917                    101017000000000319075630940010904180000000000000000000000000000000000000000000000000000000000000000000000000000000003190000000000000000000000000000000000000000000000000000010000000000000          0000766983862000000000000000000000000000000000000000000056
1022542123500018830940000316741000000                         00000001038701000000DM 00000000000000000000 01090904180017831017                    101017000000000294075630940010904180000000000000000000000000000000000000000000000000000000000000000000000000000000002940000000000000000000000000000000000000000000000000000010000000000000          0007674540669100000000000000000000000000000000000000000057
1022542123500018830940000316741000000                         00000002558201000000DM 00000000000000000000 01090904180004911017                    101017000000000294075630940010904180000000000000000000000000000000000000000000000000000000000000000000000000000000002940000000000000000000000000000000000000000000000000000010000000000000          0002624052160400000000000000000000000000000000000000000058
1022542123500018830940000316741000000                         00000002705601000000DM 00000000000000000000 01090904180030611017                    101017000000000349075630940010904180000000000000000000000000000000000000000000000000000000000000000000000000000000003490000000000000000000000000000000000000000000000000000010000000000000          0001017077665400000000000000000000000000000000000000000059
1022542123500018830940000316741000000                         00000002853101000000DM 00000000000000000000 01060904180004140418                    100418000000000374003334670010904180000250000000000000000000000000000000000000000000000000000000000000000000000000003740000000000000000000000000000000000000000000000000000010000000000000          0000303613564200000000000000000000000000000000000000000060
1022542123500018830940000316741000000                         00000002901001000000DM 00000000000000000000 01060904180004530418                    100418000000000374063400190010904180000250000000000000000000000000000000000000000000000000000000000000000000000000003740000000000000000000000000000000000000000000000000000010000000000000          0000786278560600000000000000000000000000000000000000000061
1022542123500018830940000316741000000                         00000003157701000000DM 00000000000000000000 01060904180006480418                    100418000000000374010400970010904180000250000000000000000000000000000000000000000000000000000000000000000000000000003740000000000000000000000000000000000000000000000000000010000000000000          0001612677762000000000000000000000000000000000000000000062
1022542123500018830940000316741000000                         00000001002201000000DM 00000000000000000000 01090904180024541017                    101017000000000349075630940010904180000000000000000000000000000000000000000000000000000000000000000000000000000000003490000000000000000000000000000000000000000000000000000010000000000000          0000847276465600000000000000000000000000000000000000000063
1022542123500018830940000316741000000                         00000002301001000000DM 00000000000000000000 01090904180015251017                    101017000000000294075630940010904180000000000000000000000000000000000000000000000000000000000000000000000000000000002940000000000000000000000000000000000000000000000000000010000000000000          0000129208361100000000000000000000000000000000000000000064
1022542123500018830940000316741000000                         00000002313801000000DM 00000000000000000000 01090904180015561017                    101017000000000294075630940010904180000000000000000000000000000000000000000000000000000000000000000000000000000000002940000000000000000000000000000000000000000000000000000010000000000000          0006112200961500000000000000000000000000000000000000000065
1022542123500018830940000316741000000                         00000000546601000000DM 00000000000000000000 01090904180001541017                    101017000000000294075630940010904180000000000000000000000000000000000000000000000000000000000000000000000000000000002940000000000000000000000000000000000000000000000000000010000000000000          0008246321269100000000000000000000000000000000000000000066
1022542123500018830940000316741000000                         00000001578001000000DM 00000000000000000000 01090904180028941017                    101017000000000349075630940010904180000000000000000000000000000000000000000000000000000000000000000000000000000000003490000000000000000000000000000000000000000000000000000010000000000000          0007004592561500000000000000000000000000000000000000000067
1022542123500018830940000316741000000                         00000001662501000000DM 00000000000000000000 01090904180029301017                    101017000000000349075630940010904180000000000000000000000000000000000000000000000000000000000000000000000000000000003490000000000000000000000000000000000000000000000000000010000000000000          0000809615061800000000000000000000000000000000000000000068
1022542123500018830940000316741000000                         00000001833501000000DM 00000000000000000000 01090904180030401017                    101017000000000349075630940010904180000000000000000000000000000000000000000000000000000000000000000000000000000000003490000000000000000000000000000000000000000000000000000010000000000000          0009240028064900000000000000000000000000000000000000000069
1022542123500018830940000316741000000                         00000001074201000000DM 00000000000000000000 01090904180015681017                    101017000000000294075630940010904180000000000000000000000000000000000000000000000000000000000000000000000000000000002940000000000000000000000000000000000000000000000000000010000000000000          0009028457763400000000000000000000000000000000000000000070
1022542123500018830940000316741000000                         00000001301001000000DM 00000000000000000000 01090904180030200917                    101017000000000319075630940010904180000000000000000000000000000000000000000000000000000000000000000000000000000000003190000000000000000000000000000000000000000000000000000010000000000000          0000859660265800000000000000000000000000000000000000000071
1022542123500018830940000316741000000                         00000002569301000000DM 00000000000000000000 01090904180029491017                    101017000000000349075630940010904180000000000000000000000000000000000000000000000000000000000000000000000000000000003490000000000000000000000000000000000000000000000000000010000000000000          0007246053964900000000000000000000000000000000000000000072
1022542123500018830940000316741000000                         00000002663101000000DM 00000000000000000000 01090904180030571017                    101017000000000349075630940010904180000000000000000000000000000000000000000000000000000000000000000000000000000000003490000000000000000000000000000000000000000000000000000010000000000000          0007555846764900000000000000000000000000000000000000000073
1022542123500018830940000316741000000                         00000003193201000000DM 00000000000000000000 01060904180009530418                    100418000000000324010400970010904180000250000000000000000000000000000000000000000000000000000000000000000000000000003240000000000000000000000000000000000000000000000000000010000000000000          0004361846464900000000000000000000000000000000000000000074
1022542123500018830940000316741000000                         00000003229201000000DM 00000000000000000000 01060904180010210418                    100418000000000324010400970010904180000250000000000000000000000000000000000000000000000000000000000000000000000000003240000000000000000000000000000000000000000000000000000010000000000000          0007187518269100000000000000000000000000000000000000000075
1022542123500018830940000316741000000                         00000003265801000000DM 00000000000000000000 01060904180011390418                    100418000000000324010400970010904180000250000000000000000000000000000000000000000000000000000000000000000000000000003240000000000000000000000000000000000000000000000000000010000000000000          0009651106069100000000000000000000000000000000000000000076
1022542123500018830940000316741000000                         00000000279301000000DM 00000000000000000000 01090904180004111017                    101017000000000349075630940010904180000000000000000000000000000000000000000000000000000000000000000000000000000000003490000000000000000000000000000000000000000000000000000010000000000000          0007246051260000000000000000000000000000000000000000000077
1022542123500018830940000316741000000                         00000000424201000000DM 00000000000000000000 01090904180007011017                    101017000000000294075630940010904180000000000000000000000000000000000000000000000000000000000000000000000000000000002940000000000000000000000000000000000000000000000000000010000000000000          0006529267760400000000000000000000000000000000000000000078
1022542123500018830940000316741000000                         00000000496201000000DM 00000000000000000000 01090904180007691017                    101017000000000294075630940010904180000000000000000000000000000000000000000000000000000000000000000000000000000000002940000000000000000000000000000000000000000000000000000010000000000000          0000557136962000000000000000000000000000000000000000000079
1022542123500018830940000316741000000                         00000000534801000000DM 00000000000000000000 01090904180004161017                    101017000000000294075630940010904180000000000000000000000000000000000000000000000000000000000000000000000000000000002940000000000000000000000000000000000000000000000000000010000000000000          0009147587261500000000000000000000000000000000000000000080
1022542123500018830940000316741000000                         00000001614101000000DM 00000000000000000000 01090904180029021017                    101017000000000349075630940010904180000000000000000000000000000000000000000000000000000000000000000000000000000000003490000000000000000000000000000000000000000000000000000010000000000000          0001042612960100000000000000000000000000000000000000000081
1022542123500018830940000316741000000                         00000001650701000000DM 00000000000000000000 01090904180029261017                    101017000000000349075630940010904180000000000000000000000000000000000000000000000000000000000000000000000000000000003490000000000000000000000000000000000000000000000000000010000000000000          0001299792766800000000000000000000000000000000000000000082
1022542123500018830940000316741000000                         00000001758701000000DM 00000000000000000000 01090904180029811017                    101017000000000349075630940010904180000000000000000000000000000000000000000000000000000000000000000000000000000000003490000000000000000000000000000000000000000000000000000010000000000000          0000866105069300000000000000000000000000000000000000000083
1022542123500018830940000316741000000                         00000002735701000000DM 00000000000000000000 01090904181000180917                    101017000000008262075630940010904180000000000000000000000000000000000000000000000000000000000000000000000000000000082620000000000000000000000000000000000000000000000000000010000000000000          1823706600016500000000000000000000000000000000000000000084
1022542123500018830940000316741000000                         00000003181401000000DM 00000000000000000000 01060904180009450418                    100418000000000324010400970010904180000250000000000000000000000000000000000000000000000000000000000000000000000000003240000000000000000000000000000000000000000000000000000010000000000000          0009277825960000000000000000000000000000000000000000000085
1022542123500018830940000316741000000                         00000004586701000000DM 00000000000000000000 01060904181000240318                    100418000000001733003334670010904180000250000000000000000000000000000000000000000000000000000000000000000000000000017330000000000000000000000000000000000000000000000000000010000000000000          0488922000017900000000000000000000000000000000000000000086
1022542123500018830940000316741000000                         00000000135801000000DM 00000000000000000000 01090904180000601017                    101017000000000349075630940010904180000000000000000000000000000000000000000000000000000000000000000000000000000000003490000000000000000000000000000000000000000000000000000010000000000000          0005496202167200000000000000000000000000000000000000000087
1022542123500018830940000316741000000                         00000000582101000000DM 00000000000000000000 01090904180008691017                    101017000000000294075630940010904180000000000000000000000000000000000000000000000000000000000000000000000000000000002940000000000000000000000000000000000000000000000000000010000000000000          0000027442861000000000000000000000000000000000000000000088
1022542123500018830940000316741000000                         00000001218301000000DM 00000000000000000000 01090904180017951017                    101017000000000294075630940010904180000000000000000000000000000000000000000000000000000000000000000000000000000000002940000000000000000000000000000000000000000000000000000010000000000000          0000027258068600000000000000000000000000000000000000000089
1022542123500018830940000316741000000                         00000001230201000000DM 00000000000000000000 01090904180022631017                    101017000000000294075630940010904180000000000000000000000000000000000000000000000000000000000000000000000000000000002940000000000000000000000000000000000000000000000000000010000000000000          0002485828563400000000000000000000000000000000000000000090
1022542123500018830940000316741000000                         00000001821701000000DM 00000000000000000000 01090904180030311017                    101017000000000349075630940010904180000000000000000000000000000000000000000000000000000000000000000000000000000000003490000000000000000000000000000000000000000000000000000010000000000000          0000848099966700000000000000000000000000000000000000000091
1022542123500018830940000316741000000                         00000001182301000000DM 00000000000000000000 01090904180017411017                    101017000000000294075630940010904180000000000000000000000000000000000000000000000000000000000000000000000000000000002940000000000000000000000000000000000000000000000000000010000000000000          0000580980162500000000000000000000000000000000000000000092
1022542123500018830940000316741000000                         00000001374801000000DM 00000000000000000000 01090904180023041017                    101017000000000349075630940010904180000000000000000000000000000000000000000000000000000000000000000000000000000000003490000000000000000000000000000000000000000000000000000010000000000000          0004225353567200000000000000000000000000000000000000000093
1022542123500018830940000316741000000                         00000001686101000000DM 00000000000000000000 01090904180029681017                    101017000000000349075630940010904180000000000000000000000000000000000000000000000000000000000000000000000000000000003490000000000000000000000000000000000000000000000000000010000000000000          0000270724966100000000000000000000000000000000000000000094
1022542123500018830940000316741000000                         00000001869001000000DM 00000000000000000000 01090904180030351017                    101017000000000349075630940010904180000000000000000000000000000000000000000000000000000000000000000000000000000000003490000000000000000000000000000000000000000000000000000010000000000000          0001014402069600000000000000000000000000000000000000000095
1022542123500018830940000316741000000                         00000001893701000000DM 00000000000000000000 01090904180030361017                    101017000000000349075630940010904180000000000000000000000000000000000000000000000000000000000000000000000000000000003490000000000000000000000000000000000000000000000000000010000000000000          0003618392060600000000000000000000000000000000000000000096
1022542123500018830940000316741000000                         00000001929701000000DM 00000000000000000000 01090904180025201017                    101017000000000349075630940010904180000000000000000000000000000000000000000000000000000000000000000000000000000000003490000000000000000000000000000000000000000000000000000010000000000000          0003021597866800000000000000000000000000000000000000000097
1022542123500018830940000316741000000                         00000001941601000000DM 00000000000000000000 01090904180025421017                    101017000000000349075630940010904180000000000000000000000000000000000000000000000000000000000000000000000000000000003490000000000000000000000000000000000000000000000000000010000000000000          0002891803760000000000000000000000000000000000000000000098
1022542123500018830940000316741000000                         00000002475601000000DM 00000000000000000000 01090904180026731017                    101017000000000349075630940010904180000000000000000000000000000000000000000000000000000000000000000000000000000000003490000000000000000000000000000000000000000000000000000010000000000000          0000945536569300000000000000000000000000000000000000000099
1022542123500018830940000316741000000                         00000002536001000000DM 00000000000000000000 01090904180030451017                    101017000000000349075630940010904180000000000000000000000000000000000000000000000000000000000000000000000000000000003490000000000000000000000000000000000000000000000000000010000000000000          0000956345263100000000000000000000000000000000000000000100
1022542123500018830940000316741000000                         00000002523501000000DM 00000000000000000000 01090904180030441017                    101017000000000349075630940010904180000000000000000000000000000000000000000000000000000000000000000000000000000000003490000000000000000000000000000000000000000000000000000010000000000000          0000119164868000000000000000000000000000000000000000000101
1022542123500018830940000316741000000                         00000004085001000000DM 00000000000000000000 01060904180014700418                    100418000000000324010400970010904180000250000000000000000000000000000000000000000000000000000000000000000000000000003240000000000000000000000000000000000000000000000000000010000000000000          0008318973461500000000000000000000000000000000000000000102
1022542123500018830940000316741000000                         00000003038501000000DM 00000000000000000000 01060904180004160518                    100518000000000324034109440010904180000250000000000000000000000000000000000000000000000000000000000000000000000000003240000000000000000000000000000000000000000000000000000010000000000000          0009147587261500000000000000000000000000000000000000000103
1022542123500018830940000316741000000                         00000003421801000000DM 00000000000000000000 01060904180015610418                    100418000000000324010400970010904180000250000000000000000000000000000000000000000000000000000000000000000000000000003240000000000000000000000000000000000000000000000000000010000000000000          0000512874565100000000000000000000000000000000000000000104
1022542123500018830940000316741000000                         00000003636101000000DM 00000000000000000000 01060904180028160418                    100418000000000374010400970010904180000250000000000000000000000000000000000000000000000000000000000000000000000000003740000000000000000000000000000000000000000000000000000010000000000000          0008257197068200000000000000000000000000000000000000000105
1022542123500018830940000316741000000                         00000003756001000000DM 00000000000000000000 01060904180029700418                    100418000000000374010400970010904180000250000000000000000000000000000000000000000000000000000000000000000000000000003740000000000000000000000000000000000000000000000000000010000000000000          0000214486281800000000000000000000000000000000000000000106
1022542123500018830940000316741000000                         00000000350201000000DM 00000000000000000000 01090904180004601017                    101017000000000294075630940010904180000000000000000000000000000000000000000000000000000000000000000000000000000000002940000000000000000000000000000000000000000000000000000010000000000000          0004085395076800000000000000000000000000000000000000000107
1022542123500018830940000316741000000                         00000000570301000000DM 00000000000000000000 01090904180008471017                    101017000000000349075630940010904180000000000000000000000000000000000000000000000000000000000000000000000000000000003490000000000000000000000000000000000000000000000000000010000000000000          0000150671660100000000000000000000000000000000000000000108
1022542123500018830940000316741000000                         00000000642901000000DM 00000000000000000000 01090904180005451017                    101017000000000294075630940010904180000000000000000000000000000000000000000000000000000000000000000000000000000000002940000000000000000000000000000000000000000000000000000010000000000000          0003013578866800000000000000000000000000000000000000000109
1022542123500018830940000316741000000                         00000001794201000000DM 00000000000000000000 01090904180030181017                    101017000000000349075630940010904180000000000000000000000000000000000000000000000000000000000000000000000000000000003490000000000000000000000000000000000000000000000000000010000000000000          0000706059360800000000000000000000000000000000000000000110
1022542123500018830940000316741000000                         00000001989901000000DM 00000000000000000000 01090904180025801017                    101017000000000349075630940010904180000000000000000000000000000000000000000000000000000000000000000000000000000000003490000000000000000000000000000000000000000000000000000010000000000000          0007188615063000000000000000000000000000000000000000000111
1022542123500018830940000316741000000                         00000001014001000000DM 00000000000000000000 01090904180024731017                    101017000000000349075630940010904180000000000000000000000000000000000000000000000000000000000000000000000000000000003490000000000000000000000000000000000000000000000000000010000000000000          0001603579869100000000000000000000000000000000000000000112
1022542123500018830940000316741000000                         00000002451001000000DM 00000000000000000000 01090904180006721017                    101017000000000294075630940010904180000000000000000000000000000000000000000000000000000000000000000000000000000000002940000000000000000000000000000000000000000000000000000010000000000000          0001612675069100000000000000000000000000000000000000000113
1022542123500018830940000316741000000                         00000002463801000000DM 00000000000000000000 01090904180028171017                    101017000000000349075630940010904180000000000000000000000000000000000000000000000000000000000000000000000000000000003490000000000000000000000000000000000000000000000000000010000000000000          0006612029269100000000000000000000000000000000000000000114
1022542123500018830940000316741000000                         00000002511701000000DM 00000000000000000000 01090904180030431017                    101017000000000349075630940010904180000000000000000000000000000000000000000000000000000000000000000000000000000000003490000000000000000000000000000000000000000000000000000010000000000000          0000394635469600000000000000000000000000000000000000000115
1022542123500018830940000316741000000                         00000003469001000000DM 00000000000000000000 01060904180016360418                    100418000000000374010400970010904180000250000000000000000000000000000000000000000000000000000000000000000000000000003740000000000000000000000000000000000000000000000000000010000000000000          0004340692069100000000000000000000000000000000000000000116
1022542123500018830940000316741000000                         00000000786401000000DM 00000000000000000000 01090904180010741017                    101017000000000349075630940010904180000000000000000000000000000000000000000000000000000000000000000000000000000000003490000000000000000000000000000000000000000000000000000010000000000000          0008537504769100000000000000000000000000000000000000000117
1022542123500018830940000316741000000                         00000001434501000000DM 00000000000000000000 01090904180023871017                    101017000000000349075630940010904180000000000000000000000000000000000000000000000000000000000000000000000000000000003490000000000000000000000000000000000000000000000000000010000000000000          0009654065665300000000000000000000000000000000000000000118
1022542123500018830940000316741000000                         00000002013201000000DM 00000000000000000000 01090904180025931017                    101017000000000349075630940010904180000000000000000000000000000000000000000000000000000000000000000000000000000000003490000000000000000000000000000000000000000000000000000010000000000000          0008715200264900000000000000000000000000000000000000000119
1022542123500018830940000316741000000                         00000002037901000000DM 00000000000000000000 01090904180025961017                    101017000000000349075630940010904180000000000000000000000000000000000000000000000000000000000000000000000000000000003490000000000000000000000000000000000000000000000000000010000000000000          0009277829168700000000000000000000000000000000000000000120
1022542123500018830940000316741000000                         00000001194101000000DM 00000000000000000000 01090904180017671017                    101017000000000294075630940010904180000000000000000000000000000000000000000000000000000000000000000000000000000000002940000000000000000000000000000000000000000000000000000010000000000000          0000314784764000000000000000000000000000000000000000000121
1022542123500018830940000316741000000                         00000001953401000000DM 00000000000000000000 01090904180025531017                    101017000000000349075630940010904180000000000000000000000000000000000000000000000000000000000000000000000000000000003490000000000000000000000000000000000000000000000000000010000000000000          0000588234869200000000000000000000000000000000000000000122
1022542123500018830940000316741000000                         00000000364501000000DM 00000000000000000000 01090904180030411017                    101017000000000349075630940010904180000000000000000000000000000000000000000000000000000000000000000000000000000000003490000000000000000000000000000000000000000000000000000010000000000000          0006919796260000000000000000000000000000000000000000000123
1022542123500018830940000316741000000                         00000002487401000000DM 00000000000000000000 01090904180029721017                    101017000000000319075630940010904180000000000000000000000000000000000000000000000000000000000000000000000000000000003190000000000000000000000000000000000000000000000000000010000000000000          0001294552163600000000000000000000000000000000000000000124
1022542123500018830940000316741000000                         00000002438301000000DM 00000000000000000000 01090904180026591017                    101017000000000349075630940010904180000000000000000000000000000000000000000000000000000000000000000000000000000000003490000000000000000000000000000000000000000000000000000010000000000000          0001014914566700000000000000000000000000000000000000000125
1022542123500018830940000316741000000                         00000002686001000000DM 00000000000000000000 01090904180030601017                    101017000000000349075630940010904180000000000000000000000000000000000000000000000000000000000000000000000000000000003490000000000000000000000000000000000000000000000000000010000000000000          0000310761760100000000000000000000000000000000000000000126
1022542123500018830940000316741000000                         00000002739601000000DM 00000000000000000000 01090904180000081017                    101017000000000294075630940010904180000000000000000000000000000000000000000000000000000000000000000000000000000000002940000000000000000000000000000000000000000000000000000010000000000000          0000551747781000000000000000000000000000000000000000000127
1022542123500018830940000316741000000                         00000003037801000000DM 00000000000000000000 01060904180004160418                    100418000000000324034109440010904180000250000000000000000000000000000000000000000000000000000000000000000000000000003240000000000000000000000000000000000000000000000000000010000000000000          0009147587261500000000000000000000000000000000000000000128
1022542123500018830940000316741000000                         00000004073201000000DM 00000000000000000000 01060904180014580418                    100418000000000324010400970010904180000250000000000000000000000000000000000000000000000000000000000000000000000000003240000000000000000000000000000000000000000000000000000010000000000000          0002361630010000000000000000000000000000000000000000000129
1022542123500018830940000316741000000                         00000004109201000000DM 00000000000000000000 01060904180015230418                    100418000000000324034184810010904180000250000000000000000000000000000000000000000000000000000000000000000000000000003240000000000000000000000000000000000000000000000000000010000000000000          0003225778362000000000000000000000000000000000000000000130
1022542123500018830940000316741000000                         00000004121101000000DM 00000000000000000000 01060904180004270418                    100418000000000324010400970010904180000250000000000000000000000000000000000000000000000000000000000000000000000000003240000000000000000000000000000000000000000000000000000010000000000000          0000329979965700000000000000000000000000000000000000000131
1022542123500018830940000316741000000                         00000003696301000000DM 00000000000000000000 01060904180029010418                    100418000000000374010400970010904180000250000000000000000000000000000000000000000000000000000000000000000000000000003740000000000000000000000000000000000000000000000000000010000000000000          0002483652468700000000000000000000000000000000000000000132
9027563094SICOOB CREDIARA          RUA MARIA RITA DE AGUIAR                          CENTRO                        38183236ARAXÁ                         MG100420180000013100000000113                                                                                                                                                                                                                    000133
