02RETORNO01COBRANÇA       30940000327964316741J REZENDE - ME                756 - BANCOOB S/A 2704180000221                                                                                                                                                                                                                                                                                               000001
1022542123500018830940000316741000000                         00000002794101000000DM 00000000000000000000 01062604180002470518                    100518000000000324010400970012604180000250000000000000000000000000000000000000000000000000000000000000000000000000003240000000000000000000000000000000000000000000000000000010000000000000          0000356167569700000000000000000000000000000000000000000002
9027563094SICOOB CREDIARA          RUA MARIA RITA DE AGUIAR                          CENTRO                        38183236ARAXÁ                         MG270420180000000100000000113                                                                                                                                                                                                                    000003
