02RETORNO01COBRANÇA       30940000327964316741J REZENDE - ME                756 - BANCOOB S/A 1604180000219                                                                                                                                                                                                                                                                                               000001
1022542123500018830940000316741000000                         00000002889601000000DM 00000000000000000000 01061604180004370418                    100418000000000324075630940011604180000250000000000000000000000000000000000000000000000000000000000000000000000000003249000000000000900000000000000000000000000000000000000010000000000000          0001313854565300000000000000000000000000000000000000000002
1022542123500018830940000316741000000                         00000003809601000000DM 00000000000000000000 01061704180010140418                    200418000000000374010400970011704180000250000000000000000000000000000000000000000000000000000000000000000000000000003740000000000000000000000000000000000000000000000000000010000000000000          0005764752663400000000000000000000000000000000000000000003
9027563094SICOOB CREDIARA          RUA MARIA RITA DE AGUIAR                          CENTRO                        38183236ARAXÁ                         MG230420180000000200000000113                                                                                                                                                                                                                    000004
