02RETORNO01COBRANÇA       30940000327964316741J REZENDE - ME                756 - BANCOOB S/A 0404180000213                                                                                                                                                                                                                                                                                               000001
1022542123500018830940000316741000000                         00000003624301000000DM 00000000000000000000 01062903180027570418                    100418000000000374010400970012903180000250000000000000000000000000000000000000000000000000000000000000000000000000003740000000000000000000000000000000000000000000000000000010000000000000          0000699499364700000000000000000000000000000000000000000002
1022542123500018830940000316741000000                         00000003433601000000DM 00000000000000000000 01062903180015740418                    100418000000000324010400970012903180000250000000000000000000000000000000000000000000000000000000000000000000000000003240000000000000000000000000000000000000000000000000000010000000000000          0004684573966800000000000000000000000000000000000000000003
9027563094SICOOB CREDIARA          RUA MARIA RITA DE AGUIAR                          CENTRO                        38183236ARAXÁ                         MG040420180000000200000000113                                                                                                                                                                                                                    000004
