02RETORNO01COBRANÇA       30940000327964316741J REZENDE - ME                756 - BANCOOB S/A 0404180000214                                                                                                                                                                                                                                                                                               000001
1022542123500018830940000316741000000                         00000003869801000000DM 00000000000000000000 01060204180025270418                    100418000000000374010400970010204180000250000000000000000000000000000000000000000000000000000000000000000000000000003740000000000000000000000000000000000000000000000000000010000000000000          0000677178867900000000000000000000000000000000000000000002
1022542123500018830940000316741000000                         00000003881701000000DM 00000000000000000000 01060304180025190418                    100418000000000374010407080010304180000250000000000000000000000000000000000000000000000000000000000000000000000000003740000000000000000000000000000000000000000000000000000010000000000000          0008540006863400000000000000000000000000000000000000000003
1022542123500018830940000316741000000                         00000003396801000000DM 00000000000000000000 01060204180017830318                    100318000000000324075630940010204180000250000000000000000000000000000000000000000000000000000000000000000000000000003586000000000034600000000000000000000000000000000000000010000000000000          0007674540669100000000000000000000000000000000000000000004
1022542123500018830940000316741000000                         00000003857001000000DM 00000000000000000000 01060204180030330418                    100418000000000374010400970010204180000250000000000000000000000000000000000000000000000000000000000000000000000000003740000000000000000000000000000000000000000000000000000010000000000000          0008285259668700000000000000000000000000000000000000000005
1022542123500018830940000316741000000                         00000004049501000000DM 00000000000000000000 01060304180014430418                    100418000000000324010400970010304180000250000000000000000000000000000000000000000000000000000000000000000000000000003240000000000000000000000000000000000000000000000000000010000000000000          0000696140365400000000000000000000000000000000000000000006
1022542123500018830940000316741000000                         00000003612501000000DM 00000000000000000000 01060204180028150418                    100418000000000374010400970010204180000250000000000000000000000000000000000000000000000000000000000000000000000000003740000000000000000000000000000000000000000000000000000010000000000000          0001026372666500000000000000000000000000000000000000000007
1022542123500018830940000316741000000                         00000004025901000000DM 00000000000000000000 01060304180027130418                    100418000000000374010400970010304180000250000000000000000000000000000000000000000000000000000000000000000000000000003740000000000000000000000000000000000000000000000000000010000000000000          0009652261564900000000000000000000000000000000000000000008
9027563094SICOOB CREDIARA          RUA MARIA RITA DE AGUIAR                          CENTRO                        38183236ARAXÁ                         MG040420180000000700000000113                                                                                                                                                                                                                    000009
