02RETORNO01COBRANÇA       30940000327964316741J REZENDE - ME                756 - BANCOOB S/A 1104180000218                                                                                                                                                                                                                                                                                               000001
1022542123500018830940000316741000000                         00000004526501000000DM 00000000000000000000 01020902180025540918                    100918000000000349000000000010000000000000000000000000000000000000000000000000000000000000000000000000000000000000000000000000000000000000000000000000000000000000000000000010000000000000          0006612599561500000000000000000000000000000000000000000002
1022542123500018830940000316741000000                         00000004560601000000DM 00000000000000000000 01022602180016380818                    100818000000000324000000000010000000000000000000000000000000000000000000000000000000000000000000000000000000000000000000000000000000000000000000000000000000000000000000000010000000000000          0004897108160000000000000000000000000000000000000000000003
1022542123500018830940000316741000000                         00000004525801000000DM 00000000000000000000 01020902180025540818                    100818000000000349000000000010000000000000000000000000000000000000000000000000000000000000000000000000000000000000000000000000000000000000000000000000000000000000000000000010000000000000          0006612599561500000000000000000000000000000000000000000004
1022542123500018830940000316741000000                         00000004559801000000DM 00000000000000000000 01022602180016380718                    100718000000000324000000000010000000000000000000000000000000000000000000000000000000000000000000000000000000000000000000000000000000000000000000000000000000000000000000000010000000000000          0004897108160000000000000000000000000000000000000000000005
1022542123500018830940000316741000000                         00000004523301000000DM 00000000000000000000 01020902180025540618                    100618000000000349000000000010000000000000000000000000000000000000000000000000000000000000000000000000000000000000000000000000000000000000000000000000000000000000000000000010000000000000          0006612599561500000000000000000000000000000000000000000006
1022542123500018830940000316741000000                         00000004557301000000DM 00000000000000000000 01022602180016380518                    100518000000000324000000000010000000000000000000000000000000000000000000000000000000000000000000000000000000000000000000000000000000000000000000000000000000000000000000000010000000000000          0004897108160000000000000000000000000000000000000000000007
1022542123500018830940000316741000000                         00000004520101000000DM 00000000000000000000 01020902180025540318                    100318000000000349000000000010000000000000000000000000000000000000000000000000000000000000000000000000000000000000000000000000000000000000000000000000000000000000000000000010000000000000          0006612599561500000000000000000000000000000000000000000008
1022542123500018830940000316741000000                         00000004528001000000DM 00000000000000000000 01020902180025541118                    101118000000000349000000000010000000000000000000000000000000000000000000000000000000000000000000000000000000000000000000000000000000000000000000000000000000000000000000000010000000000000          0006612599561500000000000000000000000000000000000000000009
1022542123500018830940000316741000000                         00000004562001000000DM 00000000000000000000 01022602180016381018                    101018000000000324000000000010000000000000000000000000000000000000000000000000000000000000000000000000000000000000000000000000000000000000000000000000000000000000000000000010000000000000          0004897108160000000000000000000000000000000000000000000010
1022542123500018830940000316741000000                         00000004522601000000DM 00000000000000000000 01020902180025540518                    100518000000000349000000000010000000000000000000000000000000000000000000000000000000000000000000000000000000000000000000000000000000000000000000000000000000000000000000000010000000000000          0006612599561500000000000000000000000000000000000000000011
1022542123500018830940000316741000000                         00000004556601000000DM 00000000000000000000 01022602180016380418                    100418000000000324000000000010000000000000000000000000000000000000000000000000000000000000000000000000000000000000000000000000000000000000000000000000000000000000000000000010000000000000          0004897108160000000000000000000000000000000000000000000012
1022542123500018830940000316741000000                         00000004564501000000DM 00000000000000000000 01022602180016381218                    101218000000000324000000000010000000000000000000000000000000000000000000000000000000000000000000000000000000000000000000000000000000000000000000000000000000000000000000000010000000000000          0004897108160000000000000000000000000000000000000000000013
1022542123500018830940000316741000000                         00000004524001000000DM 00000000000000000000 01020902180025540718                    100718000000000349000000000010000000000000000000000000000000000000000000000000000000000000000000000000000000000000000000000000000000000000000000000000000000000000000000000010000000000000          0006612599561500000000000000000000000000000000000000000014
1022542123500018830940000316741000000                         00000004558001000000DM 00000000000000000000 01022602180016380618                    100618000000000324000000000010000000000000000000000000000000000000000000000000000000000000000000000000000000000000000000000000000000000000000000000000000000000000000000000010000000000000          0004897108160000000000000000000000000000000000000000000015
1022542123500018830940000316741000000                         00000004521901000000DM 00000000000000000000 01020902180025540418                    100418000000000349000000000010000000000000000000000000000000000000000000000000000000000000000000000000000000000000000000000000000000000000000000000000000000000000000000000010000000000000          0006612599561500000000000000000000000000000000000000000016
1022542123500018830940000316741000000                         00000004529701000000DM 00000000000000000000 01020902180025541218                    101218000000000349000000000010000000000000000000000000000000000000000000000000000000000000000000000000000000000000000000000000000000000000000000000000000000000000000000000010000000000000          0006612599561500000000000000000000000000000000000000000017
1022542123500018830940000316741000000                         00000004563801000000DM 00000000000000000000 01022602180016381118                    101118000000000324000000000010000000000000000000000000000000000000000000000000000000000000000000000000000000000000000000000000000000000000000000000000000000000000000000000010000000000000          0004897108160000000000000000000000000000000000000000000018
1022542123500018830940000316741000000                         00000004519301000000DM 00000000000000000000 01020902180025540218                    100218000000000349000000000010000000000000000000000000000000000000000000000000000000000000000000000000000000000000000000000000000000000000000000000000000000000000000000000010000000000000          0006612599561500000000000000000000000000000000000000000019
1022542123500018830940000316741000000                         00000004527201000000DM 00000000000000000000 01020902180025541018                    101018000000000349000000000010000000000000000000000000000000000000000000000000000000000000000000000000000000000000000000000000000000000000000000000000000000000000000000000010000000000000          0006612599561500000000000000000000000000000000000000000020
1022542123500018830940000316741000000                         00000004561301000000DM 00000000000000000000 01022602180016380918                    100918000000000324000000000010000000000000000000000000000000000000000000000000000000000000000000000000000000000000000000000000000000000000000000000000000000000000000000000010000000000000          0004897108160000000000000000000000000000000000000000000021
1022542123500018830940000316741000000                         00000003684501000000DM 00000000000000000000 01061004180028970418                    100418000000000374010400970011004180000250000000000000000000000000000000000000000000000000000000000000000000000000003740000000000000000000000000000000000000000000000000000010000000000000          0005968516666800000000000000000000000000000000000000000022
1022542123500018830940000316741000000                         00000004580301000000DM 00000000000000000000 01061004181000150318                    100418000000000349034199260011004180000250000000000000000000000000000000000000000000000000000000000000000000000000003490000000000000000000000000000000000000000000000000000010000000000000          7097303700093900000000000000000000000000000000000000000023
1022542123500018830940000316741000000                         00000004133001000000DM 00000000000000000000 01061004180027500418                    100418000000000374010400970011004180000250000000000000000000000000000000000000000000000000000000000000000000000000003740000000000000000000000000000000000000000000000000000010000000000000          0000282899960200000000000000000000000000000000000000000024
1022542123500018830940000316741000000                         00000002805801000000DM 00000000000000000000 01061004180002560418                    100418000000000324023716910011004180000250000000000000000000000000000000000000000000000000000000000000000000000000003240000000000000000000000000000000000000000000000000000010000000000000          0000474784860600000000000000000000000000000000000000000025
1022542123500018830940000316741000000                         00000004577001000000DM 00000000000000000000 01061004181000070318                    100418000000001047034199260011004180000250000000000000000000000000000000000000000000000000000000000000000000000000010470000000000000000000000000000000000000000000000000000010000000000000          7097303700069600000000000000000000000000000000000000000026
1022542123500018830940000316741000000                         00000003001301000000DM 00000000000000000000 01061004180007200418                    100418000000000324010400970011004180000250000000000000000000000000000000000000000000000000000000000000000000000000003240000000000000000000000000000000000000000000000000000010000000000000          0003609756063000000000000000000000000000000000000000000027
1022542123500018830940000316741000000                         00000003145901000000DM 00000000000000000000 01061004180005930418                    100418000000000324034199260011004180000250000000000000000000000000000000000000000000000000000000000000000000000000003240000000000000000000000000000000000000000000000000000010000000000000          0003023575860400000000000000000000000000000000000000000028
1022542123500018830940000316741000000                         00000003301901000000DM 00000000000000000000 01061004180012340418                    100418000000000324010400970011004180000250000000000000000000000000000000000000000000000000000000000000000000000000003240000000000000000000000000000000000000000000000000000010000000000000          0008461066260400000000000000000000000000000000000000000029
1022542123500018830940000316741000000                         00000003953201000000DM 00000000000000000000 01061004180026650418                    100418000000000374034109440011004180000250000000000000000000000000000000000000000000000000000000000000000000000000003740000000000000000000000000000000000000000000000000000010000000000000          0000694769266000000000000000000000000000000000000000000030
1022542123500018830940000316741000000                         00000002841301000000DM 00000000000000000000 01061004180004110418                    100418000000000374010400970011004180000250000000000000000000000000000000000000000000000000000000000000000000000000003740000000000000000000000000000000000000000000000000000010000000000000          0007246051260000000000000000000000000000000000000000000031
1022542123500018830940000316741000000                         00000004578801000000DM 00000000000000000000 01061004181000100318                    100418000000001908034199260011004180000250000000000000000000000000000000000000000000000000000000000000000000000000019080000000000000000000000000000000000000000000000000000010000000000000          7097303700034300000000000000000000000000000000000000000032
1022542123500018830940000316741000000                         00000004579501000000DM 00000000000000000000 01061004181000120318                    100418000000000698034199260011004180000250000000000000000000000000000000000000000000000000000000000000000000000000006980000000000000000000000000000000000000000000000000000010000000000000          7097216100012200000000000000000000000000000000000000000033
1022542123500018830940000316741000000                         00000004585001000000DM 00000000000000000000 01061004181000210318                    100418000000000526575640790011004180000250000000000000000000000000000000000000000000000000000000000000000000000000005265000000000000000000000000000000000000000000000000000010000000000000          6522717500018100000000000000000000000000000000000000000034
1022542123500018830940000316741000000                         00000003253001000000DM 00000000000000000000 01061004180011060418                    100418000000000324034184810011004180000250000000000000000000000000000000000000000000000000000000000000000000000000003240000000000000000000000000000000000000000000000000000010000000000000          0000306014564400000000000000000000000000000000000000000035
9027563094SICOOB CREDIARA          RUA MARIA RITA DE AGUIAR                          CENTRO                        38183236ARAXÁ                         MG110420180000003400000000113                                                                                                                                                                                                                    000036
