02RETORNO01COBRANÇA       30940000327964316741J REZENDE - ME                756 - BANCOOB S/A 0504180000215                                                                                                                                                                                                                                                                                               000001
1022542123500018830940000316741000000                         00000003648001000000DM 00000000000000000000 01060404180028810418                    100418000000000374034199260010404180000250000000000000000000000000000000000000000000000000000000000000000000000000003740000000000000000000000000000000000000000000000000000010000000000000          0002729612165300000000000000000000000000000000000000000002
1022542123500018830940000316741000000                         00000004097901000000DM 00000000000000000000 01060404180014950418                    100418000000000324010400970010404180000250000000000000000000000000000000000000000000000000000000000000000000000000003240000000000000000000000000000000000000000000000000000010000000000000          0000136752462800000000000000000000000000000000000000000003
1022542123500018830940000316741000000                         00000002865001000000DM 00000000000000000000 01060404180004220418                    100418000000000324010400970010404180000250000000000000000000000000000000000000000000000000000000000000000000000000003240000000000000000000000000000000000000000000000000000010000000000000          0007415855469100000000000000000000000000000000000000000004
1022542123500018830940000316741000000                         00000004001201000000DM 00000000000000000000 01060404180026860418                    100418000000000374034199260010404180000250000000000000000000000000000000000000000000000000000000000000000000000000003740000000000000000000000000000000000000000000000000000010000000000000          0003407094060000000000000000000000000000000000000000000005
1022542123500018830940000316741000000                         00000002757901000000DM 00000000000000000000 01060404180000410418                    100418000000000324010400970010404180000250000000000000000000000000000000000000000000000000000000000000000000000000003240000000000000000000000000000000000000000000000000000010000000000000          0000565324365500000000000000000000000000000000000000000006
9027563094SICOOB CREDIARA          RUA MARIA RITA DE AGUIAR                          CENTRO                        38183236ARAXÁ                         MG050420180000000500000000113                                                                                                                                                                                                                    000007
