02RETORNO01COBRANÇA       30940000327964316741J REZENDE - ME                756 - BANCOOB S/A 2304180000220                                                                                                                                                                                                                                                                                               000001
1022542123500018830940000316741000000                         00000003929501000000DM 00000000000000000000 01061904180026050418                    100418000000000374075630940011904180000250000000000000000000000000000000000000000000000000000000000000000000000000003754000000000001400000000000000000000000000000000000000010000000000000          0000258153466400000000000000000000000000000000000000000002
9027563094SICOOB CREDIARA          RUA MARIA RITA DE AGUIAR                          CENTRO                        38183236ARAXÁ                         MG230420180000000100000000113                                                                                                                                                                                                                    000003
