02RETORNO01COBRANÇA       30940000327964316741J REZENDE                     756 - BANCOOB S/A 0301190000276                                                                                                                                                                                                                                                                                               000001
1022542123500018830940000316741000000                         00000003171001000000DM 00000000000000000000 01091812180025800618                    200618000000000374075630940011812180000100000000000000000000000000000000000000000000000000000000000000000000000000003740000000000000000000000000000000000000000000000000000010000000000000          0007188615063000000000000000000000000000000000000000000002
1022542123500018830940000316741000000                         00000003375301000000DM 00000000000000000000 01091812180024540618                    200618000000000374075630940011812180000100000000000000000000000000000000000000000000000000000000000000000000000000003740000000000000000000000000000000000000000000000000000010000000000000          0000847276465600000000000000000000000000000000000000000003
9027563094SICOOB CREDIARA          RUA MARIA RITA DE AGUIAR                          CENTRO                        38183236ARAXÁ                         MG030120190000000200000000113                                                                                                                                                                                                                    000004
