02RETORNO01COBRANÇA       30940000327964316741J REZENDE                     756 - BANCOOB S/A 1401190000281                                                                                                                                                                                                                                                                                               000001
1022542123500018830940000316741000000                         00000004704701000000DM 00000000000000000000 01061001190002560119                    100119000000000324010400970011001190000250000000000000000000000000000000000000000000000000000000000000000000000000003240000000000000000000000000000000000000000000000000000010000000000000          0000474784860600000000000000000000000000000000000000000002
1022542123500018830940000316741000000                         00000004741001000000DM 00000000000000000000 01061101190004160219                    100219000000000324034109440011101190000250000000000000000000000000000000000000000000000000000000000000000000000000003240000000000000000000000000000000000000000000000000000010000000000000          0009147587261500000000000000000000000000000000000000000003
1022542123500018830940000316741000000                         00000005721101000000DM 00000000000000000000 01060901190030690119                    100119000000000374075630940010901190000250000000000000000000000000000000000000000000000000000000000000000000000000003740000000000000000000000000000000000000000000000000000010000000000000          0006037461660400000000000000000000000000000000000000000004
1022542123500018830940000316741000000                         00000005733001000000DM 00000000000000000000 01061001190029220119                    100119000000000374000102100011001190000250000000000000000000000000000000000000000000000000000000000000000000000000003740000000000000000000000000000000000000000000000000000010000000000000          0005554795862000000000000000000000000000000000000000000005
1022542123500018830940000316741000000                         00000005088101000000DM 00000000000000000000 01061001190012340119                    100119000000000324010400970011001190000250000000000000000000000000000000000000000000000000000000000000000000000000003240000000000000000000000000000000000000000000000000000010000000000000          0008461066260400000000000000000000000000000000000000000006
1022542123500018830940000316741000000                         00000005233001000000DM 00000000000000000000 01060901190016360119                    100119000000000374010400970010901190000250000000000000000000000000000000000000000000000000000000000000000000000000003740000000000000000000000000000000000000000000000000000010000000000000          0004340692069100000000000000000000000000000000000000000007
1022542123500018830940000316741000000                         00000004836401000000DM 00000000000000000000 01060901190005350119                    100119000000000324034109440010901190000250000000000000000000000000000000000000000000000000000000000000000000000000003240000000000000000000000000000000000000000000000000000010000000000000          0000659773163800000000000000000000000000000000000000000008
1022542123500018830940000316741000000                         00000004956301000000DM 00000000000000000000 01061001190009010119                    100119000000000324010400970011001190000250000000000000000000000000000000000000000000000000000000000000000000000000003240000000000000000000000000000000000000000000000000000010000000000000          0009470166060400000000000000000000000000000000000000000009
1022542123500018830940000316741000000                         00000005052701000000DM 00000000000000000000 01061001190011030119                    100119000000000324010400970011001190000250000000000000000000000000000000000000000000000000000000000000000000000000003240000000000000000000000000000000000000000000000000000010000000000000          0008715135969100000000000000000000000000000000000000000010
1022542123500018830940000316741000000                         00000004716501000000DM 00000000000000000000 01060901190004110119                    100119000000000374010400970010901190000250000000000000000000000000000000000000000000000000000000000000000000000000003740000000000000000000000000000000000000000000000000000010000000000000          0007246051260000000000000000000000000000000000000000000011
1022542123500018830940000316741000000                         00000005461001000000DM 00000000000000000000 01061001190026650119                    100119000000000374034109440011001190000250000000000000000000000000000000000000000000000000000000000000000000000000003740000000000000000000000000000000000000000000000000000010000000000000          0000694769266000000000000000000000000000000000000000000012
1022542123500018830940000316741000000                         00000005533601000000DM 00000000000000000000 01060901190027500119                    100119000000000374010400970010901190000250000000000000000000000000000000000000000000000000000000000000000000000000003740000000000000000000000000000000000000000000000000000010000000000000          0000282899960200000000000000000000000000000000000000000013
1022542123500018830940000316741000000                         00000005581001000000DM 00000000000000000000 01060901190028820119                    100119000000000374010400970010901190000250000000000000000000000000000000000000000000000000000000000000000000000000003740000000000000000000000000000000000000000000000000000010000000000000          0002486093060600000000000000000000000000000000000000000014
1022542123500018830940000316741000000                         00000004824601000000DM 00000000000000000000 01061001190005190119                    100119000000000324010400970011001190000250000000000000000000000000000000000000000000000000000000000000000000000000003240000000000000000000000000000000000000000000000000000010000000000000          0007188477760000000000000000000000000000000000000000000015
1022542123500018830940000316741000000                         00000004860101000000DM 00000000000000000000 01060901190005930119                    100119000000000324010400970010901190000250000000000000000000000000000000000000000000000000000000000000000000000000003240000000000000000000000000000000000000000000000000000010000000000000          0003023575860400000000000000000000000000000000000000000016
1022542123500018830940000316741000000                         00000004908001000000DM 00000000000000000000 01061001190008390119                    100119000000000324010400970011001190000250000000000000000000000000000000000000000000000000000000000000000000000000003240000000000000000000000000000000000000000000000000000010000000000000          0004904386264900000000000000000000000000000000000000000017
1022542123500018830940000316741000000                         00000004728301000000DM 00000000000000000000 01061001190004140119                    100119000000000374003334670011001190000250000000000000000000000000000000000000000000000000000000000000000000000000003740000000000000000000000000000000000000000000000000000010000000000000          0000303613564200000000000000000000000000000000000000000018
1022542123500018830940000316741000000                         00000005173301000000DM 00000000000000000000 01060901190014700119                    100119000000000324010400970010901190000250000000000000000000000000000000000000000000000000000000000000000000000000003240000000000000000000000000000000000000000000000000000010000000000000          0008318973461500000000000000000000000000000000000000000019
1022542123500018830940000316741000000                         00000005365801000000DM 00000000000000000000 01061001190023970119                    100119000000000374010400970011001190000250000000000000000000000000000000000000000000000000000000000000000000000000003740000000000000000000000000000000000000000000000000000010000000000000          0007188737762000000000000000000000000000000000000000000020
1022542123500018830940000316741000000                         00000005040901000000DM 00000000000000000000 01061001190010920119                    100119000000000324010400970011001190000250000000000000000000000000000000000000000000000000000000000000000000000000003240000000000000000000000000000000000000000000000000000010000000000000          0007570230469100000000000000000000000000000000000000000021
9027563094SICOOB CREDIARA          RUA MARIA RITA DE AGUIAR                          CENTRO                        38183236ARAXÁ                         MG140120190000002000000000113                                                                                                                                                                                                                    000022
