02RETORNO01COBRANÇA       30940000327964316741J REZENDE                     756 - BANCOOB S/A 0301190000279                                                                                                                                                                                                                                                                                               000001
1022542123500018830940000316741000000                         00000004668601000000DM 00000000000000000000 01060201190001140119                    100119000000000324010400970010201190000250000000000000000000000000000000000000000000000000000000000000000000000000003240000000000000000000000000000000000000000000000000000010000000000000          0004897155363400000000000000000000000000000000000000000002
9027563094SICOOB CREDIARA          RUA MARIA RITA DE AGUIAR                          CENTRO                        38183236ARAXÁ                         MG030120190000000100000000113                                                                                                                                                                                                                    000003
