02RETORNO01COBRANÇA       30940000327964316741J REZENDE                     756 - BANCOOB S/A 3101190000286                                                                                                                                                                                                                                                                                               000001
1022542123500018830940000316741000000                         00000005450001000000DM 00000000000000000000 01063001190026050219                    100219000000000374010400970013001190000250000000000000000000000000000000000000000000000000000000000000000000000000003740000000000000000000000000000000000000000000000000000010000000000000          0000258153466400000000000000000000000000000000000000000002
1022542123500018830940000316741000000                         00000005029701000000DM 00000000000000000000 01062801190010620219                    100219000000000324010400970012801190000250000000000000000000000000000000000000000000000000000000000000000000000000003240000000000000000000000000000000000000000000000000000010000000000000          0000055756263500000000000000000000000000000000000000000003
1022542123500018830940000316741000000                         00000005747201000000DM 00000000000000000000 01062501191000121218                    250119000000000698000102100012501190000250000000000000000000000000000000000000000000000000000000000000000000000000006980000000000000000000000000000000000000000000000000000010000000000000          7097216100012200000000000000000000000000000000000000000004
1022542123500018830940000316741000000                         00000005745801000000DM 00000000000000000000 01062501191000071218                    250119000000001047000142020012501190000250000000000000000000000000000000000000000000000000000000000000000000000000010470000000000000000000000000000000000000000000000000000010000000000000          7097303700069600000000000000000000000000000000000000000005
1022542123500018830940000316741000000                         00000005666001000000DM 00000000000000000000 01062801190030140219                    100219000000000374000113320012801190000250000000000000000000000000000000000000000000000000000000000000000000000000003740000000000000000000000000000000000000000000000000000010000000000000          0000506908968400000000000000000000000000000000000000000006
1022542123500018830940000316741000000                         00000005746501000000DM 00000000000000000000 01062501191000101218                    250119000000001688000142020012501190000250000000000000000000000000000000000000000000000000000000000000000000000000016880000000000000000000000000000000000000000000000000000010000000000000          7097303700034300000000000000000000000000000000000000000007
1022542123500018830940000316741000000                         00000005748001000000DM 00000000000000000000 01062501191000151218                    250119000000000349000142020012501190000250000000000000000000000000000000000000000000000000000000000000000000000000003490000000000000000000000000000000000000000000000000000010000000000000          7097303700093900000000000000000000000000000000000000000008
9027563094SICOOB CREDIARA          RUA MARIA RITA DE AGUIAR                          CENTRO                        38183236ARAXÁ                         MG310120190000000700000000113                                                                                                                                                                                                                    000009
