02RETORNO01COBRANÇA       30940000327964316741J REZENDE                     756 - BANCOOB S/A 0801190000280                                                                                                                                                                                                                                                                                               000001
1022542123500018830940000316741000000                         00000002784801000000DM 00000000000000000000 01090701190001520718                    100718000000000324075630940010701190000100000000000000000000000000000000000000000000000000000000000000000000000000003240000000000000000000000000000000000000000000000000000010000000000000          0000719132169500000000000000000000000000000000000000000002
1022542123500018830940000316741000000                         00000002932901000000DM 00000000000000000000 01090701190001270718                    100718000000000324075630940010701190000100000000000000000000000000000000000000000000000000000000000000000000000000003240000000000000000000000000000000000000000000000000000010000000000000          0000557190363500000000000000000000000000000000000000000003
1022542123500018830940000316741000000                         00000002980201000000DM 00000000000000000000 01090701190004730718                    100718000000000324075630940010701190000100000000000000000000000000000000000000000000000000000000000000000000000000003240000000000000000000000000000000000000000000000000000010000000000000          0004063987868700000000000000000000000000000000000000000004
1022542123500018830940000316741000000                         00000003555001000000DM 00000000000000000000 01090701190022690718                    100718000000000374075630940010701190000100000000000000000000000000000000000000000000000000000000000000000000000000003740000000000000000000000000000000000000000000000000000010000000000000          0006307307269100000000000000000000000000000000000000000005
1022542123500018830940000316741000000                         00000003735601000000DM 00000000000000000000 01090701190029630718                    100718000000000374075630940010701190000100000000000000000000000000000000000000000000000000000000000000000000000000003740000000000000000000000000000000000000000000000000000010000000000000          0000559499965500000000000000000000000000000000000000000006
1022542123500018830940000316741000000                         00000003920001000000DM 00000000000000000000 01090701190025960718                    100718000000000374075630940010701190000100000000000000000000000000000000000000000000000000000000000000000000000000003740000000000000000000000000000000000000000000000000000010000000000000          0009277829168700000000000000000000000000000000000000000007
1022542123500018830940000316741000000                         00000003992001000000DM 00000000000000000000 01090701190026750718                    100718000000000374075630940010701190000100000000000000000000000000000000000000000000000000000000000000000000000000003740000000000000000000000000000000000000000000000000000010000000000000          0001130201368800000000000000000000000000000000000000000008
1022542123500018830940000316741000000                         00000004184501000000DM 00000000000000000000 01090701190026730718                    100718000000000374075630940010701190000100000000000000000000000000000000000000000000000000000000000000000000000000003740000000000000000000000000000000000000000000000000000010000000000000          0000945536569300000000000000000000000000000000000000000009
1022542123500018830940000316741000000                         00000003280901000000DM 00000000000000000000 01090701190012200718                    100718000000000324075630940010701190000100000000000000000000000000000000000000000000000000000000000000000000000000003240000000000000000000000000000000000000000000000000000010000000000000          0005183755876000000000000000000000000000000000000000000010
1022542123500018830940000316741000000                         00000003388901000000DM 00000000000000000000 01090701190024730718                    100718000000000374075630940010701190000100000000000000000000000000000000000000000000000000000000000000000000000000003740000000000000000000000000000000000000000000000000000010000000000000          0001603579869100000000000000000000000000000000000000000011
1022542123500018830940000316741000000                         00000004616301000000DM 00000000000000000000 01090701191000180618                    100718000000006800275630940010701190000100000000000000000000000000000000000000000000000000000000000000000000000000068002000000000000000000000000000000000000000000000000000010000000000000          1823706600016500000000000000000000000000000000000000000012
1022542123500018830940000316741000000                         00000004920901000000DM 00000000000000000000 01060701190008410119                    100119000000000324010400970010701190000250000000000000000000000000000000000000000000000000000000000000000000000000003240000000000000000000000000000000000000000000000000000010000000000000          0004459589168700000000000000000000000000000000000000000013
1022542123500018830940000316741000000                         00000005569001000000DM 00000000000000000000 01060401190028810119                    100119000000000374010400970010401190000250000000000000000000000000000000000000000000000000000000000000000000000000003740000000000000000000000000000000000000000000000000000010000000000000          0002729612165300000000000000000000000000000000000000000014
1022542123500018830940000316741000000                         00000003788601000000DM 00000000000000000000 01090701190029770718                    100718000000000374075630940010701190000100000000000000000000000000000000000000000000000000000000000000000000000000003740000000000000000000000000000000000000000000000000000010000000000000          0006219557360000000000000000000000000000000000000000000015
1022542123500018830940000316741000000                         00000003196401000000DM 00000000000000000000 01090701190009530718                    100718000000000324075630940010701190000100000000000000000000000000000000000000000000000000000000000000000000000000003240000000000000000000000000000000000000000000000000000010000000000000          0004361846464900000000000000000000000000000000000000000016
1022542123500018830940000316741000000                         00000003244301000000DM 00000000000000000000 01090701190010460718                    100718000000000324075630940010701190000100000000000000000000000000000000000000000000000000000000000000000000000000003240000000000000000000000000000000000000000000000000000010000000000000          0000013014064300000000000000000000000000000000000000000017
1022542123500018830940000316741000000                         00000003448601000000DM 00000000000000000000 01090701190015840718                    100718000000000324075630940010701190000100000000000000000000000000000000000000000000000000000000000000000000000000003240000000000000000000000000000000000000000000000000000010000000000000          0006872201061000000000000000000000000000000000000000000018
1022542123500018830940000316741000000                         00000004376001000000DM 00000000000000000000 01090701190030410718                    100718000000000374075630940010701190000100000000000000000000000000000000000000000000000000000000000000000000000000003740000000000000000000000000000000000000000000000000000010000000000000          0006919796260000000000000000000000000000000000000000000019
1022542123500018830940000316741000000                         00000004388801000000DM 00000000000000000000 01090701190030440718                    100718000000000374075630940010701190000100000000000000000000000000000000000000000000000000000000000000000000000000003740000000000000000000000000000000000000000000000000000010000000000000          0000119164868000000000000000000000000000000000000000000020
1022542123500018830940000316741000000                         00000004559801000000DM 00000000000000000000 01090701190016380718                    100718000000000324075630940010701190000100000000000000000000000000000000000000000000000000000000000000000000000000003240000000000000000000000000000000000000000000000000000010000000000000          0004897108160000000000000000000000000000000000000000000021
1022542123500018830940000316741000000                         00000005521801000000DM 00000000000000000000 01060701190027130119                    100119000000000374010400970010701190000250000000000000000000000000000000000000000000000000000000000000000000000000003740000000000000000000000000000000000000000000000000000010000000000000          0009652261564900000000000000000000000000000000000000000022
1022542123500018830940000316741000000                         00000003627501000000DM 00000000000000000000 01090701190027570718                    100718000000000374075630940010701190000100000000000000000000000000000000000000000000000000000000000000000000000000003740000000000000000000000000000000000000000000000000000010000000000000          0000699499364700000000000000000000000000000000000000000023
1022542123500018830940000316741000000                         00000002820901000000DM 00000000000000000000 01090701190003300718                    100718000000000324075630940010701190000100000000000000000000000000000000000000000000000000000000000000000000000000003240000000000000000000000000000000000000000000000000000010000000000000          0000916024261200000000000000000000000000000000000000000024
1022542123500018830940000316741000000                         00000004196301000000DM 00000000000000000000 01090701190030420718                    100718000000000374075630940010701190000100000000000000000000000000000000000000000000000000000000000000000000000000003740000000000000000000000000000000000000000000000000000010000000000000          0001076302165200000000000000000000000000000000000000000025
1022542123500018830940000316741000000                         00000004280801000000DM 00000000000000000000 01090701190030620718                    100718000000000374075630940010701190000100000000000000000000000000000000000000000000000000000000000000000000000000003740000000000000000000000000000000000000000000000000000010000000000000          0001347627260500000000000000000000000000000000000000000026
1022542123500018830940000316741000000                         00000004467501000000DM 00000000000000000000 01090701190030670718                    100718000000000374075630940010701190000100000000000000000000000000000000000000000000000000000000000000000000000000003740000000000000000000000000000000000000000000000000000010000000000000          0004937862766800000000000000000000000000000000000000000027
1022542123500018830940000316741000000                         00000005161501000000DM 00000000000000000000 01060701190014580119                    100119000000000324010400970010701190000250000000000000000000000000000000000000000000000000000000000000000000000000003240000000000000000000000000000000000000000000000000000010000000000000          0002361630010000000000000000000000000000000000000000000028
1022542123500018830940000316741000000                         00000004968101000000DM 00000000000000000000 01060701190009530119                    100119000000000324010400970010701190000250000000000000000000000000000000000000000000000000000000000000000000000000003240000000000000000000000000000000000000000000000000000010000000000000          0004361846464900000000000000000000000000000000000000000029
1022542123500018830940000316741000000                         00000005281401000000DM 00000000000000000000 01060701190017830119                    100119000000000324075630940010701190000250000000000000000000000000000000000000000000000000000000000000000000000000003240000000000000000000000000000000000000000000000000000010000000000000          0007674540669100000000000000000000000000000000000000000030
1022542123500018830940000316741000000                         00000003567801000000DM 00000000000000000000 01090701190022820718                    100718000000000324075630940010701190000100000000000000000000000000000000000000000000000000000000000000000000000000003240000000000000000000000000000000000000000000000000000010000000000000          0007188059365300000000000000000000000000000000000000000031
1022542123500018830940000316741000000                         00000003848301000000DM 00000000000000000000 01090701190030290718                    100718000000000374075630940010701190000100000000000000000000000000000000000000000000000000000000000000000000000000003740000000000000000000000000000000000000000000000000000010000000000000          0001252081260500000000000000000000000000000000000000000032
1022542123500018830940000316741000000                         00000002772001000000DM 00000000000000000000 01090701190001140718                    100718000000000324075630940010701190000100000000000000000000000000000000000000000000000000000000000000000000000000003240000000000000000000000000000000000000000000000000000010000000000000          0004897155363400000000000000000000000000000000000000000033
1022542123500018830940000316741000000                         00000002868101000000DM 00000000000000000000 01090701190004220718                    100718000000000324075630940010701190000100000000000000000000000000000000000000000000000000000000000000000000000000003240000000000000000000000000000000000000000000000000000010000000000000          0007415855469100000000000000000000000000000000000000000034
1022542123500018830940000316741000000                         00000002880001000000DM 00000000000000000000 01090701190004230718                    100718000000000324075630940010701190000100000000000000000000000000000000000000000000000000000000000000000000000000003240000000000000000000000000000000000000000000000000000010000000000000          0005724833867200000000000000000000000000000000000000000035
1022542123500018830940000316741000000                         00000005353001000000DM 00000000000000000000 01060701190023390119                    100119000000000374010400970010701190000250000000000000000000000000000000000000000000000000000000000000000000000000003740000000000000000000000000000000000000000000000000000010000000000000          0003615945069700000000000000000000000000000000000000000036
1022542123500018830940000316741000000                         00000005485701000000DM 00000000000000000000 01060401190026740119                    100119000000000374010400970010401190000250000000000000000000000000000000000000000000000000000000000000000000000000003740000000000000000000000000000000000000000000000000000010000000000000          0000954360460600000000000000000000000000000000000000000037
1022542123500018830940000316741000000                         00000004680501000000DM 00000000000000000000 01060701190002360119                    100119000000000374010400970010701190000250000000000000000000000000000000000000000000000000000000000000000000000000003740000000000000000000000000000000000000000000000000000010000000000000          0000569370264200000000000000000000000000000000000000000038
1022542123500018830940000316741000000                         00000002856301000000DM 00000000000000000000 01090701190004140718                    100718000000000374075630940010701190000100000000000000000000000000000000000000000000000000000000000000000000000000003740000000000000000000000000000000000000000000000000000010000000000000          0000303613564200000000000000000000000000000000000000000039
1022542123500018830940000316741000000                         00000003944601000000DM 00000000000000000000 01090701190026060718                    100718000000000374075630940010701190000100000000000000000000000000000000000000000000000000000000000000000000000000003740000000000000000000000000000000000000000000000000000010000000000000          0004341197568700000000000000000000000000000000000000000040
1022542123500018830940000316741000000                         00000003496001000000DM 00000000000000000000 01090701190017220718                    100718000000000324075630940010701190000100000000000000000000000000000000000000000000000000000000000000000000000000003240000000000000000000000000000000000000000000000000000010000000000000          0000326379860000000000000000000000000000000000000000000041
1022542123500018830940000316741000000                         00000003579601000000DM 00000000000000000000 01090701190023040718                    100718000000000374075630940010701190000100000000000000000000000000000000000000000000000000000000000000000000000000003740000000000000000000000000000000000000000000000000000010000000000000          0004225353567200000000000000000000000000000000000000000042
1022542123500018830940000316741000000                         00000003800001000000DM 00000000000000000000 01090701190030640718                    100718000000000374075630940010701190000100000000000000000000000000000000000000000000000000000000000000000000000000003740000000000000000000000000000000000000000000000000000010000000000000          0000507097947700000000000000000000000000000000000000000043
1022542123500018830940000316741000000                         00000003896701000000DM 00000000000000000000 01090701190025420718                    100718000000000374075630940010701190000100000000000000000000000000000000000000000000000000000000000000000000000000003740000000000000000000000000000000000000000000000000000010000000000000          0002891803760000000000000000000000000000000000000000000044
1022542123500018830940000316741000000                         00000003908001000000DM 00000000000000000000 01090701190025530718                    100718000000000374075630940010701190000100000000000000000000000000000000000000000000000000000000000000000000000000003740000000000000000000000000000000000000000000000000000010000000000000          0000588234869200000000000000000000000000000000000000000045
1022542123500018830940000316741000000                         00000003088301000000DM 00000000000000000000 01090701190008690718                    100718000000000324075630940010701190000100000000000000000000000000000000000000000000000000000000000000000000000000003240000000000000000000000000000000000000000000000000000010000000000000          0000027442861000000000000000000000000000000000000000000046
1022542123500018830940000316741000000                         00000003136201000000DM 00000000000000000000 01090701190005450718                    100718000000000324075630940010701190000100000000000000000000000000000000000000000000000000000000000000000000000000003240000000000000000000000000000000000000000000000000000010000000000000          0003013578866800000000000000000000000000000000000000000047
1022542123500018830940000316741000000                         00000003220701000000DM 00000000000000000000 01090701190010200718                    100718000000000374075630940010701190000100000000000000000000000000000000000000000000000000000000000000000000000000003740000000000000000000000000000000000000000000000000000010000000000000          0003616071763400000000000000000000000000000000000000000048
1022542123500018830940000316741000000                         00000003016301000000DM 00000000000000000000 01090701190007430718                    100718000000000324075630940010701190000100000000000000000000000000000000000000000000000000000000000000000000000000003240000000000000000000000000000000000000000000000000000010000000000000          0000653259166100000000000000000000000000000000000000000049
1022542123500018830940000316741000000                         00000004478601000000DM 00000000000000000000 01090701190030660718                    100718000000000324075630940010701190000100000000000000000000000000000000000000000000000000000000000000000000000000003240000000000000000000000000000000000000000000000000000010000000000000          0000927428865400000000000000000000000000000000000000000050
1022542123500018830940000316741000000                         00000005497501000000DM 00000000000000000000 01060401190026860119                    100119000000000374010400970010401190000250000000000000000000000000000000000000000000000000000000000000000000000000003740000000000000000000000000000000000000000000000000000010000000000000          0003407094060000000000000000000000000000000000000000000051
1022542123500018830940000316741000000                         00000005545401000000DM 00000000000000000000 01060701190028150119                    100119000000000374010400970010701190000250000000000000000000000000000000000000000000000000000000000000000000000000003740000000000000000000000000000000000000000000000000000010000000000000          0001026372666500000000000000000000000000000000000000000052
1022542123500018830940000316741000000                         00000003711001000000DM 00000000000000000000 01090701190029160718                    100718000000000374075630940010701190000100000000000000000000000000000000000000000000000000000000000000000000000000003740000000000000000000000000000000000000000000000000000010000000000000          0001248442318700000000000000000000000000000000000000000053
1022542123500018830940000316741000000                         00000003771101000000DM 00000000000000000000 01090701190029710718                    100718000000000374075630940010701190000100000000000000000000000000000000000000000000000000000000000000000000000000003740000000000000000000000000000000000000000000000000000010000000000000          0002729840060600000000000000000000000000000000000000000054
1022542123500018830940000316741000000                         00000002944701000000DM 00000000000000000000 01090701190004600718                    100718000000000324075630940010701190000100000000000000000000000000000000000000000000000000000000000000000000000000003240000000000000000000000000000000000000000000000000000010000000000000          0004085395076800000000000000000000000000000000000000000055
1022542123500018830940000316741000000                         00000004040001000000DM 00000000000000000000 01090701190014420718                    100718000000000324075630940010701190000100000000000000000000000000000000000000000000000000000000000000000000000000003240000000000000000000000000000000000000000000000000000010000000000000          0000534757766500000000000000000000000000000000000000000056
1022542123500018830940000316741000000                         00000004136101000000DM 00000000000000000000 01090701190027500718                    100718000000000374075630940010701190000100000000000000000000000000000000000000000000000000000000000000000000000000003740000000000000000000000000000000000000000000000000000010000000000000          0000282899960200000000000000000000000000000000000000000057
1022542123500018830940000316741000000                         00000004148001000000DM 00000000000000000000 01090701190025310718                    100718000000000374075630940010701190000100000000000000000000000000000000000000000000000000000000000000000000000000003740000000000000000000000000000000000000000000000000000010000000000000          0000797618260900000000000000000000000000000000000000000058
1022542123500018830940000316741000000                         00000004220601000000DM 00000000000000000000 01090701190004910718                    100718000000000324075630940010701190000100000000000000000000000000000000000000000000000000000000000000000000000000003240000000000000000000000000000000000000000000000000000010000000000000          0002624052160400000000000000000000000000000000000000000059
1022542123500018830940000316741000000                         00000003352401000000DM 00000000000000000000 01090701190024350718                    100718000000000324075630940010701190000100000000000000000000000000000000000000000000000000000000000000000000000000003240000000000000000000000000000000000000000000000000000010000000000000          0008566563069100000000000000000000000000000000000000000060
1022542123500018830940000316741000000                         00000005004301000000DM 00000000000000000000 01060401190010210119                    100119000000000324010400970010401190000250000000000000000000000000000000000000000000000000000000000000000000000000003240000000000000000000000000000000000000000000000000000010000000000000          0007187518269100000000000000000000000000000000000000000061
1022542123500018830940000316741000000                         00000003076501000000DM 00000000000000000000 01090701190008470718                    100718000000000374075630940010701190000100000000000000000000000000000000000000000000000000000000000000000000000000003740000000000000000000000000000000000000000000000000000010000000000000          0000150671660100000000000000000000000000000000000000000062
1022542123500018830940000316741000000                         00000002992001000000DM 00000000000000000000 01090701190006790718                    100718000000000374075630940010701190000100000000000000000000000000000000000000000000000000000000000000000000000000003740000000000000000000000000000000000000000000000000000010000000000000          0003619380163400000000000000000000000000000000000000000063
1022542123500018830940000316741000000                         00000003004501000000DM 00000000000000000000 01090701190007200718                    100718000000000324075630940010701190000100000000000000000000000000000000000000000000000000000000000000000000000000003240000000000000000000000000000000000000000000000000000010000000000000          0003609756063000000000000000000000000000000000000000000064
1022542123500018830940000316741000000                         00000003531301000000DM 00000000000000000000 01090701190022630718                    100718000000000324075630940010701190000100000000000000000000000000000000000000000000000000000000000000000000000000003240000000000000000000000000000000000000000000000000000010000000000000          0002485828563400000000000000000000000000000000000000000065
1022542123500018830940000316741000000                         00000004052801000000DM 00000000000000000000 01090701190014430718                    100718000000000324075630940010701190000100000000000000000000000000000000000000000000000000000000000000000000000000003240000000000000000000000000000000000000000000000000000010000000000000          0000696140365400000000000000000000000000000000000000000066
1022542123500018830940000316741000000                         00000004100701000000DM 00000000000000000000 01090701190014950718                    100718000000000324075630940010701190000100000000000000000000000000000000000000000000000000000000000000000000000000003240000000000000000000000000000000000000000000000000000010000000000000          0000136752462800000000000000000000000000000000000000000067
1022542123500018830940000316741000000                         00000004207001000000DM 00000000000000000000 01090701190030430718                    100718000000000374075630940010701190000100000000000000000000000000000000000000000000000000000000000000000000000000003740000000000000000000000000000000000000000000000000000010000000000000          0000394635469600000000000000000000000000000000000000000068
1022542123500018830940000316741000000                         00000004453201000000DM 00000000000000000000 01090701190017950718                    100718000000000324075630940010701190000100000000000000000000000000000000000000000000000000000000000000000000000000003240000000000000000000000000000000000000000000000000000010000000000000          0000027258068600000000000000000000000000000000000000000069
1022542123500018830940000316741000000                         00000004571701000000DM 00000000000000000000 01090701190026040718                    100718000000000374075630940010701190000100000000000000000000000000000000000000000000000000000000000000000000000000003740000000000000000000000000000000000000000000000000000010000000000000          0007148771960400000000000000000000000000000000000000000070
1022542123500018830940000316741000000                         00000004752001000000DM 00000000000000000000 01060701190004220119                    100119000000000324010400970010701190000250000000000000000000000000000000000000000000000000000000000000000000000000003240000000000000000000000000000000000000000000000000000010000000000000          0007415855469100000000000000000000000000000000000000000071
1022542123500018830940000316741000000                         00000003268001000000DM 00000000000000000000 01090701190011390718                    100718000000000324075630940010701190000100000000000000000000000000000000000000000000000000000000000000000000000000003240000000000000000000000000000000000000000000000000000010000000000000          0009651106069100000000000000000000000000000000000000000072
1022542123500018830940000316741000000                         00000003484101000000DM 00000000000000000000 01090701190017120718                    100718000000000324075630940010701190000100000000000000000000000000000000000000000000000000000000000000000000000000003240000000000000000000000000000000000000000000000000000010000000000000          0006761282268700000000000000000000000000000000000000000073
1022542123500018830940000316741000000                         00000003824701000000DM 00000000000000000000 01090701190030110718                    100718000000000374075630940010701190000100000000000000000000000000000000000000000000000000000000000000000000000000003740000000000000000000000000000000000000000000000000000010000000000000          0001104048469700000000000000000000000000000000000000000074
1022542123500018830940000316741000000                         00000004232401000000DM 00000000000000000000 01090701190030460718                    100718000000000374075630940010701190000100000000000000000000000000000000000000000000000000000000000000000000000000003740000000000000000000000000000000000000000000000000000010000000000000          0000149822561600000000000000000000000000000000000000000075
1022542123500018830940000316741000000                         00000003412101000000DM 00000000000000000000 01090701190025830718                    100718000000000374075630940010701190000100000000000000000000000000000000000000000000000000000000000000000000000000003740000000000000000000000000000000000000000000000000000010000000000000          0000512870969800000000000000000000000000000000000000000076
1022542123500018830940000316741000000                         00000005016101000000DM 00000000000000000000 01060701190010460119                    100119000000000324010400970010701190000250000000000000000000000000000000000000000000000000000000000000000000000000003240000000000000000000000000000000000000000000000000000010000000000000          0000013014064300000000000000000000000000000000000000000077
1022542123500018830940000316741000000                         00000005100601000000DM 00000000000000000000 01060701190013270119                    100119000000000324010400970010701190000250000000000000000000000000000000000000000000000000000000000000000000000000003240000000000000000000000000000000000000000000000000000010000000000000          0005974586069700000000000000000000000000000000000000000078
1022542123500018830940000316741000000                         00000005136001000000DM 00000000000000000000 01060401190014480119                    100119000000000324010400970010401190000250000000000000000000000000000000000000000000000000000000000000000000000000003240000000000000000000000000000000000000000000000000000010000000000000          0005227926069700000000000000000000000000000000000000000079
1022542123500018830940000316741000000                         00000005185101000000DM 00000000000000000000 01060701190014950119                    100119000000000324010400970010701190000250000000000000000000000000000000000000000000000000000000000000000000000000003240000000000000000000000000000000000000000000000000000010000000000000          0000136752462800000000000000000000000000000000000000000080
9027563094SICOOB CREDIARA          RUA MARIA RITA DE AGUIAR                          CENTRO                        38183236ARAXÁ                         MG080120190000007900000000113                                                                                                                                                                                                                    000081
