02RETORNO01COBRANÇA       30940000327964316741J REZENDE                     756 - BANCOOB S/A 2101190000285                                                                                                                                                                                                                                                                                               000001
1022542123500018830940000316741000000                         00000003376001000000DM 00000000000000000000 01091701190024540718                    200718000000000374075630940011701190000100000000000000000000000000000000000000000000000000000000000000000000000000003740000000000000000000000000000000000000000000000000000010000000000000          0000847276465600000000000000000000000000000000000000000002
1022542123500018830940000316741000000                         00000003172801000000DM 00000000000000000000 01091701190025800718                    200718000000000374075630940011701190000100000000000000000000000000000000000000000000000000000000000000000000000000003740000000000000000000000000000000000000000000000000000010000000000000          0007188615063000000000000000000000000000000000000000000003
9027563094SICOOB CREDIARA          RUA MARIA RITA DE AGUIAR                          CENTRO                        38183236ARAXÁ                         MG210120190000000200000000113                                                                                                                                                                                                                    000004
