02RETORNO01COBRANÇA       30940000327964316741J REZENDE                     756 - BANCOOB S/A 1701190000284                                                                                                                                                                                                                                                                                               000001
1022542123500018830940000316741000000                         00000005148901000000DM 00000000000000000000 01061601190030711218                    101218000000000374010400970011601190000250000000000000000000000000000000000000000000000000000000000000000000000000003790000000000005000000000000000000000000000000000000000010000000000000          0000953633063600000000000000000000000000000000000000000002
1022542123500018830940000316741000000                         00000005149601000000DM 00000000000000000000 01061601190030710119                    100119000000000374010400970011601190000250000000000000000000000000000000000000000000000000000000000000000000000000003750000000000001000000000000000000000000000000000000000010000000000000          0000953633063600000000000000000000000000000000000000000003
1022542123500018830940000316741000000                         00000005377601000000DM 00000000000000000000 01061601190024530119                    100119000000000374075630940011601190000250000000000000000000000000000000000000000000000000000000000000000000000000003750000000000001000000000000000000000000000000000000000010000000000000          0003607094764900000000000000000000000000000000000000000004
9027563094SICOOB CREDIARA          RUA MARIA RITA DE AGUIAR                          CENTRO                        38183236ARAXÁ                         MG170120190000000300000000113                                                                                                                                                                                                                    000005
