02RETORNO01COBRANÇA       30940000327964316741J REZENDE                     756 - BANCOOB S/A 0301190000278                                                                                                                                                                                                                                                                                               000001
1022542123500018830940000316741000000                         00000005449101000000DM 00000000000000000000 01062712180026050119                    100119000000000374010400970012712180000250000000000000000000000000000000000000000000000000000000000000000000000000003740000000000000000000000000000000000000000000000000000010000000000000          0000258153466400000000000000000000000000000000000000000002
1022542123500018830940000316741000000                         00000005028001000000DM 00000000000000000000 01062712180010620119                    100119000000000324010400970012712180000250000000000000000000000000000000000000000000000000000000000000000000000000003240000000000000000000000000000000000000000000000000000010000000000000          0000055756263500000000000000000000000000000000000000000003
9027563094SICOOB CREDIARA          RUA MARIA RITA DE AGUIAR                          CENTRO                        38183236ARAXÁ                         MG030120190000000200000000113                                                                                                                                                                                                                    000004
