02RETORNO01COBRANÇA       30940000327964316741J REZENDE                     756 - BANCOOB S/A 1606210000477                                                                                                                                                                                                                                                                                               000001
1022542123500018830940000316741000000                         00000006862401000000DM 00000000000000000000 01060206210014580621                    100621000000000380010400970010206210000250000000000000000000000000000000000000000000000000000000000000000000000000003800000000000000000000000000000000000000000000000000000010000000000000          0002361630010000000000000000000000000000000000000000000002
1022542123500018830940000316741000000                         00000007476901000000DM 00000000000000000000 01060106210028820621                    100621000000000400063400190010106210000250000000000000000000000000000000000000000000000000000000000000000000000000004000000000000000000000000000000000000000000000000000000010000000000000          0008182941865300000000000000000000000000000000000000000003
1022542123500018830940000316741000000                         00000007509701000000DM 00000000000000000000 01060106210035750621                    100621000000000400010400970010106210000250000000000000000000000000000000000000000000000000000000000000000000000000004000000000000000000000000000000000000000000000000000000010000000000000          0000188321888800000000000000000000000000000000000000000004
1022542123500018830940000316741000000                         00000007257501000000DM 00000000000000000000 01060106210013890521                    280521000000000380010400970010106210000250000000000000000000000000000000000000000000000000000000000000000000000000003803000000000000300000000000000000000000000000000000000010000000000000          0000690262868800000000000000000000000000000000000000000005
1022542123500018830940000316741000000                         00000007378101000000DM 00000000000000000000 01060106210028160621                    100621000000000400010400970010106210000250000000000000000000000000000000000000000000000000000000000000000000000000004000000000000000000000000000000000000000000000000000000010000000000000          0008257197068200000000000000000000000000000000000000000006
1022542123500018830940000316741000000                         00000007269301000000DM 00000000000000000000 01063105210010480521                    100521000000000400010400970013105210000250000000000000000000000000000000000000000000000000000000000000000000000000004004000000000000400000000000000000000000000000000000000010000000000000          0000027554260200000000000000000000000000000000000000000007
1022542123500018830940000316741000000                         00000006874201000000DM 00000000000000000000 01063105210026740621                    100621000000000400010400970013105210000250000000000000000000000000000000000000000000000000000000000000000000000000004000000000000000000000000000000000000000000000000000000010000000000000          0000954360460600000000000000000000000000000000000000000008
1022542123500018830940000316741000000                         00000007161301000000DM 00000000000000000000 01063105210008470521                    100521000000000400010400970013105210000250000000000000000000000000000000000000000000000000000000000000000000000000004004000000000000400000000000000000000000000000000000000010000000000000          0000150671660100000000000000000000000000000000000000000009
9027563094SICOOB CREDIARA          R D BOSCO                                         Centro                        38183228Araxá                         MG160620210000000800000000113                                                                                                                                                                                                                    000010
