02RETORNO01COBRANÇA       30940000327964316741J REZENDE                     756 - BANCOOB S/A 1606210000476                                                                                                                                                                                                                                                                                               000001
1022542123500018830940000316741000000                         00000007245701000000DM 00000000000000000000 01062805210005450521                    100521000000000380010400970012805210000250000000000000000000000000000000000000000000000000000000000000000000000000003803000000000000300000000000000000000000000000000000000010000000000000          0003013578866800000000000000000000000000000000000000000002
1022542123500018830940000316741000000                         00000007150201000000DM 00000000000000000000 01062705210002360621                    100621000000000400010400970012705210000250000000000000000000000000000000000000000000000000000000000000000000000000004000000000000000000000000000000000000000000000000000000010000000000000          0000569370264200000000000000000000000000000000000000000003
1022542123500018830940000316741000000                         00000007448201000000DM 00000000000000000000 01102505210030850521                    100521000000000400075630940012505210000100000000000000000000000000000000000000000000000000000000000000000000000000004000000000000000000000000000000000000000000000000000000010000000000000          0000408716762300000000000000000000000000000000000000000004
1022542123500018830940000316741000000                         00000007233901000000DM 00000000000000000000 01062505210022690521                    100521000000000400010400970012505210000250000000000000000000000000000000000000000000000000000000000000000000000000004004000000000000400000000000000000000000000000000000000010000000000000          0006307307269100000000000000000000000000000000000000000005
9027563094SICOOB CREDIARA          R D BOSCO                                         Centro                        38183228Araxá                         MG160620210000000400000000113                                                                                                                                                                                                                    000006
