02RETORNO01COBRANÇA       30940000327964316741J REZENDE                     756 - BANCOOB S/A 1606210000478                                                                                                                                                                                                                                                                                               000001
1022542123500018830940000316741000000                         00000006272701000000DM 00000000000000000000 01090906210030141220                    101220000000000400075630940010906210000100000000000000000000000000000000000000000000000000000000000000000000000000004000000000000000000000000000000000000000000000000000000010000000000000          0000506908968400000000000000000000000000000000000000000002
1022542123500018830940000316741000000                         00000006248001000000DM 00000000000000000000 01090906210017831220                    101220000000000360075630940010906210000100000000000000000000000000000000000000000000000000000000000000000000000000003600000000000000000000000000000000000000000000000000000010000000000000          0007674540669100000000000000000000000000000000000000000003
1022542123500018830940000316741000000                         00000007006601000000DM 00000000000000000000 01060906210016360621                    100621000000000400010400970010906210000250000000000000000000000000000000000000000000000000000000000000000000000000004000000000000000000000000000000000000000000000000000000010000000000000          0004340692069100000000000000000000000000000000000000000004
1022542123500018830940000316741000000                         00000007331601000000DM 00000000000000000000 01060906210001140721                    100721000000000380010400970010906210000250000000000000000000000000000000000000000000000000000000000000000000000000003800000000000000000000000000000000000000000000000000000010000000000000          0004897155363400000000000000000000000000000000000000000005
1022542123500018830940000316741000000                         00000007354501000000DM 00000000000000000000 01060906210000410621                    100621000000000380010400970010906210000250000000000000000000000000000000000000000000000000000000000000000000000000003800000000000000000000000000000000000000000000000000000010000000000000          0000565324365500000000000000000000000000000000000000000006
1022542123500018830940000316741000000                         00000007306101000000DM 00000000000000000000 01060906210029010621                    100621000000000400010400970010906210000250000000000000000000000000000000000000000000000000000000000000000000000000004000000000000000000000000000000000000000000000000000000010000000000000          0002483652468700000000000000000000000000000000000000000007
1022542123500018830940000316741000000                         00000007270101000000DM 00000000000000000000 01060906210010480621                    100621000000000400010400970010906210000250000000000000000000000000000000000000000000000000000000000000000000000000004000000000000000000000000000000000000000000000000000000010000000000000          0000027554260200000000000000000000000000000000000000000008
1022542123500018830940000316741000000                         00000007054001000000DM 00000000000000000000 01060906210014700621                    100621000000000380010400970010906210000250000000000000000000000000000000000000000000000000000000000000000000000000003800000000000000000000000000000000000000000000000000000010000000000000          0008318973461500000000000000000000000000000000000000000009
1022542123500018830940000316741000000                         00000007042101000000DM 00000000000000000000 01060906210004140621                    100621000000000400003334670010906210000250000000000000000000000000000000000000000000000000000000000000000000000000004000000000000000000000000000000000000000000000000000000010000000000000          0000303613564200000000000000000000000000000000000000000010
1022542123500018830940000316741000000                         00000007294801000000DM 00000000000000000000 01060906210006480621                    100621000000000400010400970010906210000250000000000000000000000000000000000000000000000000000000000000000000000000004000000000000000000000000000000000000000000000000000000010000000000000          0001612677762000000000000000000000000000000000000000000011
1022542123500018830940000316741000000                         00000007162001000000DM 00000000000000000000 01060906210008470621                    100621000000000400010400970010906210000250000000000000000000000000000000000000000000000000000000000000000000000000004000000000000000000000000000000000000000000000000000000010000000000000          0000150671660100000000000000000000000000000000000000000012
1022542123500018830940000316741000000                         00000007366301000000DM 00000000000000000000 01060906210004160621                    100621000000000380063300010010906210000250000000000000000000000000000000000000000000000000000000000000000000000000003800000000000000000000000000000000000000000000000000000010000000000000          0009147587261500000000000000000000000000000000000000000013
1022542123500018830940000316741000000                         00000007066801000000DM 00000000000000000000 01061006210030690621                    100621000000000400075630940011006210000250000000000000000000000000000000000000000000000000000000000000000000000000004000000000000000000000000000000000000000000000000000000010000000000000          0006037461660400000000000000000000000000000000000000000014
1022542123500018830940000316741000000                         00000007030301000000DM 00000000000000000000 01061006210009010621                    100621000000000380010400970011006210000250000000000000000000000000000000000000000000000000000000000000000000000000003800000000000000000000000000000000000000000000000000000010000000000000          0009470166060400000000000000000000000000000000000000000015
1022542123500018830940000316741000000                         00000007114701000000DM 00000000000000000000 01061006210011030621                    100621000000000380063300010011006210000250000000000000000000000000000000000000000000000000000000000000000000000000003800000000000000000000000000000000000000000000000000000010000000000000          0008715135969100000000000000000000000000000000000000000016
1022542123500018830940000316741000000                         00000006982301000000DM 00000000000000000000 01060806210010200621                    100621000000000400010400970010806210000250000000000000000000000000000000000000000000000000000000000000000000000000004000000000000000000000000000000000000000000000000000000010000000000000          0003616071763400000000000000000000000000000000000000000017
1022542123500018830940000316741000000                         00000005912901000000DM 00000000000000000000 01090906210030711220                    101220000000000400075630940010906210000100000000000000000000000000000000000000000000000000000000000000000000000000004000000000000000000000000000000000000000000000000000000010000000000000          0000953633063600000000000000000000000000000000000000000018
1022542123500018830940000316741000000                         00000005984901000000DM 00000000000000000000 01090906210015981220                    101220000000000360075630940010906210000100000000000000000000000000000000000000000000000000000000000000000000000000003600000000000000000000000000000000000000000000000000000010000000000000          0007886934067800000000000000000000000000000000000000000019
1022542123500018830940000316741000000                         00000006020001000000DM 00000000000000000000 01090906210002471220                    101220000000000360075630940010906210000100000000000000000000000000000000000000000000000000000000000000000000000000003600000000000000000000000000000000000000000000000000000010000000000000          0000356167569700000000000000000000000000000000000000000020
1022542123500018830940000316741000000                         00000006152801000000DM 00000000000000000000 01090906210030701220                    101220000000000400075630940010906210000100000000000000000000000000000000000000000000000000000000000000000000000000004000000000000000000000000000000000000000000000000000000010000000000000          0001212798465000000000000000000000000000000000000000000021
1022542123500018830940000316741000000                         00000006164601000000DM 00000000000000000000 01090906210004531220                    101220000000000400075630940010906210000100000000000000000000000000000000000000000000000000000000000000000000000000004000000000000000000000000000000000000000000000000000000010000000000000          0000786278560600000000000000000000000000000000000000000022
1022542123500018830940000316741000000                         00000006188201000000DM 00000000000000000000 01090906210008391220                    101220000000000360075630940010906210000100000000000000000000000000000000000000000000000000000000000000000000000000003600000000000000000000000000000000000000000000000000000010000000000000          0004904386264900000000000000000000000000000000000000000023
1022542123500018830940000316741000000                         00000006236101000000DM 00000000000000000000 01090906210017221220                    101220000000000360075630940010906210000100000000000000000000000000000000000000000000000000000000000000000000000000003600000000000000000000000000000000000000000000000000000010000000000000          0000326379860000000000000000000000000000000000000000000024
1022542123500018830940000316741000000                         00000006284501000000DM 00000000000000000000 01090906210029271220                    101220000000000400075630940010906210000100000000000000000000000000000000000000000000000000000000000000000000000000004000000000000000000000000000000000000000000000000000000010000000000000          0001166686868000000000000000000000000000000000000000000025
1022542123500018830940000316741000000                         00000006320601000000DM 00000000000000000000 01090906210004271220                    101220000000000360075630940010906210000100000000000000000000000000000000000000000000000000000000000000000000000000003600000000000000000000000000000000000000000000000000000010000000000000          0000329979965700000000000000000000000000000000000000000026
1022542123500018830940000316741000000                         00000006344201000000DM 00000000000000000000 01090906210010921220                    101220000000000360075630940010906210000100000000000000000000000000000000000000000000000000000000000000000000000000003600000000000000000000000000000000000000000000000000000010000000000000          0007570230469100000000000000000000000000000000000000000027
1022542123500018830940000316741000000                         00000006368901000000DM 00000000000000000000 01090906210023971220                    101220000000000400075630940010906210000100000000000000000000000000000000000000000000000000000000000000000000000000004000000000000000000000000000000000000000000000000000000010000000000000          0007188737762000000000000000000000000000000000000000000028
1022542123500018830940000316741000000                         00000006380801000000DM 00000000000000000000 01090906210026651220                    101220000000000400075630940010906210000100000000000000000000000000000000000000000000000000000000000000000000000000004000000000000000000000000000000000000000000000000000000010000000000000          0000694769266000000000000000000000000000000000000000000029
1022542123500018830940000316741000000                         00000006392601000000DM 00000000000000000000 01090906210028811220                    101220000000000400075630940010906210000100000000000000000000000000000000000000000000000000000000000000000000000000004000000000000000000000000000000000000000000000000000000010000000000000          0002729612165300000000000000000000000000000000000000000030
1022542123500018830940000316741000000                         00000006416801000000DM 00000000000000000000 01090906210027001220                    101220000000000400075630940010906210000100000000000000000000000000000000000000000000000000000000000000000000000000004000000000000000000000000000000000000000000000000000000010000000000000          0000487456467400000000000000000000000000000000000000000031
1022542123500018830940000316741000000                         00000006451601000000DM 00000000000000000000 01090906210030721220                    101220000000000400075630940010906210000100000000000000000000000000000000000000000000000000000000000000000000000000004000000000000000000000000000000000000000000000000000000010000000000000          0000317910663800000000000000000000000000000000000000000032
1022542123500018830940000316741000000                         00000006463401000000DM 00000000000000000000 01090906210008691220                    101220000000000360075630940010906210000100000000000000000000000000000000000000000000000000000000000000000000000000003600000000000000000000000000000000000000000000000000000010000000000000          0000027442861000000000000000000000000000000000000000000033
1022542123500018830940000316741000000                         00000006487001000000DM 00000000000000000000 01090906210022821220                    101220000000000360075630940010906210000100000000000000000000000000000000000000000000000000000000000000000000000000003600000000000000000000000000000000000000000000000000000010000000000000          0007188059365300000000000000000000000000000000000000000034
1022542123500018830940000316741000000                         00000006499901000000DM 00000000000000000000 01090906210029221220                    101220000000000400075630940010906210000100000000000000000000000000000000000000000000000000000000000000000000000000004000000000000000000000000000000000000000000000000000000010000000000000          0005554795862000000000000000000000000000000000000000000035
1022542123500018830940000316741000000                         00000006511301000000DM 00000000000000000000 01090906210029631220                    101220000000000400075630940010906210000100000000000000000000000000000000000000000000000000000000000000000000000000004000000000000000000000000000000000000000000000000000000010000000000000          0000559499965500000000000000000000000000000000000000000036
1022542123500018830940000316741000000                         00000006571501000000DM 00000000000000000000 01090906210023391220                    101220000000000400075630940010906210000100000000000000000000000000000000000000000000000000000000000000000000000000004000000000000000000000000000000000000000000000000000000010000000000000          0003615945069700000000000000000000000000000000000000000037
1022542123500018830940000316741000000                         00000006583301000000DM 00000000000000000000 01090906210026051220                    101220000000000400075630940010906210000100000000000000000000000000000000000000000000000000000000000000000000000000004000000000000000000000000000000000000000000000000000000010000000000000          0000258153466400000000000000000000000000000000000000000038
1022542123500018830940000316741000000                         00000006607501000000DM 00000000000000000000 01090906210004371220                    101220000000000360075630940010906210000100000000000000000000000000000000000000000000000000000000000000000000000000003600000000000000000000000000000000000000000000000000000010000000000000          0001313854565300000000000000000000000000000000000000000039
1022542123500018830940000316741000000                         00000006631201000000DM 00000000000000000000 01090906210030761220                    101220000000000400075630940010906210000100000000000000000000000000000000000000000000000000000000000000000000000000004000000000000000000000000000000000000000000000000000000010000000000000          0000479186480800000000000000000000000000000000000000000040
1022542123500018830940000316741000000                         00000006667701000000DM 00000000000000000000 01090906210029711220                    101220000000000400075630940010906210000100000000000000000000000000000000000000000000000000000000000000000000000000004000000000000000000000000000000000000000000000000000000010000000000000          0002729840060600000000000000000000000000000000000000000041
1022542123500018830940000316741000000                         00000006701301000000DM 00000000000000000000 01090906210026731220                    101220000000000400075630940010906210000100000000000000000000000000000000000000000000000000000000000000000000000000004000000000000000000000000000000000000000000000000000000010000000000000          0000945536569300000000000000000000000000000000000000000042
1022542123500018830940000316741000000                         00000006736001000000DM 00000000000000000000 01090906210008411220                    101220000000000360075630940010906210000100000000000000000000000000000000000000000000000000000000000000000000000000003600000000000000000000000000000000000000000000000000000010000000000000          0004459589168700000000000000000000000000000000000000000043
1022542123500018830940000316741000000                         00000006805401000000DM 00000000000000000000 01090906210022691220                    101220000000000400075630940010906210000100000000000000000000000000000000000000000000000000000000000000000000000000004000000000000000000000000000000000000000000000000000000010000000000000          0006307307269100000000000000000000000000000000000000000044
1022542123500018830940000316741000000                         00000006898901000000DM 00000000000000000000 01060806210011610621                    100621000000000380010400970010806210000250000000000000000000000000000000000000000000000000000000000000000000000000003800000000000000000000000000000000000000000000000000000010000000000000          0004342743060000000000000000000000000000000000000000000045
1022542123500018830940000316741000000                         00000006910301000000DM 00000000000000000000 01060806210005190621                    100621000000000380010400970010806210000250000000000000000000000000000000000000000000000000000000000000000000000000003800000000000000000000000000000000000000000000000000000010000000000000          0007188477760000000000000000000000000000000000000000000046
1022542123500018830940000316741000000                         00000006958601000000DM 00000000000000000000 01060806210025270621                    100621000000000400010400970010806210000250000000000000000000000000000000000000000000000000000000000000000000000000004000000000000000000000000000000000000000000000000000000010000000000000          0000677178867900000000000000000000000000000000000000000047
1022542123500018830940000316741000000                         00000007402401000000DM 00000000000000000000 01060706210005930621                    100621000000000380010400970010706210000250000000000000000000000000000000000000000000000000000000000000000000000000003800000000000000000000000000000000000000000000000000000010000000000000          0003023575860400000000000000000000000000000000000000000048
1022542123500018830940000316741000000                         00000007342701000000DM 00000000000000000000 01060706210028150621                    100621000000000400010400970010706210000250000000000000000000000000000000000000000000000000000000000000000000000000004000000000000000000000000000000000000000000000000000000010000000000000          0001026372666500000000000000000000000000000000000000000049
1022542123500018830940000316741000000                         00000007018401000000DM 00000000000000000000 01060706210024530621                    100621000000000400010400970010706210000250000000000000000000000000000000000000000000000000000000000000000000000000004000000000000000000000000000000000000000000000000000000010000000000000          0003607094764900000000000000000000000000000000000000000050
1022542123500018830940000316741000000                         00000006970501000000DM 00000000000000000000 01060706210017950621                    100621000000000380010400970010706210000250000000000000000000000000000000000000000000000000000000000000000000000000003800000000000000000000000000000000000000000000000000000010000000000000          0000027258068600000000000000000000000000000000000000000051
1022542123500018830940000316741000000                         00000007536601000000DM 00000000000000000000 01061006211000150521                    100621000000000380075684530011006210000250000000000000000000000000000000000000000000000000000000000000000000000000003800000000000000000000000000000000000000000000000000000010000000000000          7097303700093900000000000000000000000000000000000000000052
1022542123500018830940000316741000000                         00000007534101000000DM 00000000000000000000 01061006211000070521                    100621000000000380075684530011006210000250000000000000000000000000000000000000000000000000000000000000000000000000003800000000000000000000000000000000000000000000000000000010000000000000          7097303700069600000000000000000000000000000000000000000053
1022542123500018830940000316741000000                         00000007540601000000DM 00000000000000000000 01061006211000280621                    100621000000000777013657310011006210000250000000000000000000000000000000000000000000000000000000000000000000000000007770000000000000000000000000000000000000000000000000000010000000000000          0581273600018800000000000000000000000000000000000000000054
1022542123500018830940000316741000000                         00000007535901000000DM 00000000000000000000 01061006211000100521                    100621000000000760075684530011006210000250000000000000000000000000000000000000000000000000000000000000000000000000007600000000000000000000000000000000000000000000000000000010000000000000          7097303700034300000000000000000000000000000000000000000055
1022542123500018830940000316741000000                         00000007538001000000DM 00000000000000000000 01061006211000250521                    100621000000000895010400970011006210000250000000000000000000000000000000000000000000000000000000000000000000000000008950000000000000000000000000000000000000000000000000000010000000000000          2604146700017300000000000000000000000000000000000000000056
9027563094SICOOB CREDIARA          R D BOSCO                                         Centro                        38183228Araxá                         MG160620210000005500000000113                                                                                                                                                                                                                    000057
