02RETORNO01COBRANÇA       30940000327964316741J REZENDE                     756 - BANCOOB S/A 1606210000479                                                                                                                                                                                                                                                                                               000001
1022542123500018830940000316741000000                         00000006946801000000DM 00000000000000000000 01061406210014950621                    100621000000000380010400970011406210000250000000000000000000000000000000000000000000000000000000000000000000000000003803000000000000300000000000000000000000000000000000000010000000000000          0000136752462800000000000000000000000000000000000000000002
1022542123500018830940000316741000000                         00000007138301000000DM 00000000000000000000 01061106210023040621                    100621000000000400010400970011106210000250000000000000000000000000000000000000000000000000000000000000000000000000004004000000000000400000000000000000000000000000000000000010000000000000          0004225353567200000000000000000000000000000000000000000003
1022542123500018830940000316741000000                         00000007536601000000DM 00000000000000000000 01061006211000150521                    100621000000000380075684530011006210000250000000000000000000000000000000000000000000000000000000000000000000000000003800000000000000000000000000000000000000000000000000000010000000000000          7097303700093900000000000000000000000000000000000000000004
1022542123500018830940000316741000000                         00000007534101000000DM 00000000000000000000 01061006211000070521                    100621000000000380075684530011006210000250000000000000000000000000000000000000000000000000000000000000000000000000003800000000000000000000000000000000000000000000000000000010000000000000          7097303700069600000000000000000000000000000000000000000005
1022542123500018830940000316741000000                         00000007540601000000DM 00000000000000000000 01061006211000280621                    100621000000000777013657310011006210000250000000000000000000000000000000000000000000000000000000000000000000000000007770000000000000000000000000000000000000000000000000000010000000000000          0581273600018800000000000000000000000000000000000000000006
1022542123500018830940000316741000000                         00000007535901000000DM 00000000000000000000 01061006211000100521                    100621000000000760075684530011006210000250000000000000000000000000000000000000000000000000000000000000000000000000007600000000000000000000000000000000000000000000000000000010000000000000          7097303700034300000000000000000000000000000000000000000007
1022542123500018830940000316741000000                         00000007114701000000DM 00000000000000000000 01061006210011030621                    100621000000000380063300010011006210000250000000000000000000000000000000000000000000000000000000000000000000000000003800000000000000000000000000000000000000000000000000000010000000000000          0008715135969100000000000000000000000000000000000000000008
1022542123500018830940000316741000000                         00000007030301000000DM 00000000000000000000 01061006210009010621                    100621000000000380010400970011006210000250000000000000000000000000000000000000000000000000000000000000000000000000003800000000000000000000000000000000000000000000000000000010000000000000          0009470166060400000000000000000000000000000000000000000009
1022542123500018830940000316741000000                         00000007066801000000DM 00000000000000000000 01061006210030690621                    100621000000000400075630940011006210000250000000000000000000000000000000000000000000000000000000000000000000000000004000000000000000000000000000000000000000000000000000000010000000000000          0006037461660400000000000000000000000000000000000000000010
1022542123500018830940000316741000000                         00000007538001000000DM 00000000000000000000 01061006211000250521                    100621000000000895010400970011006210000250000000000000000000000000000000000000000000000000000000000000000000000000008950000000000000000000000000000000000000000000000000000010000000000000          2604146700017300000000000000000000000000000000000000000011
9027563094SICOOB CREDIARA          R D BOSCO                                         Centro                        38183228Araxá                         MG160620210000001000000000113                                                                                                                                                                                                                    000012
