02RETORNO01COBRANÇA       30940000327964316741J REZENDE                     756 - BANCOOB S/A 1606210000480                                                                                                                                                                                                                                                                                               000001
1022542123500018830940000316741000000                         00000007211701000000DM 00000000000000000000 01061506210010140721                    100721000000000400010400970011506210000250000000000000000000000000000000000000000000000000000000000000000000000000004000000000000000000000000000000000000000000000000000000010000000000000          0005764752663400000000000000000000000000000000000000000002
9027563094SICOOB CREDIARA          R D BOSCO                                         Centro                        38183228Araxá                         MG160620210000000100000000113                                                                                                                                                                                                                    000003
