02RETORNO01COBRANÇA       30940000327964316741J REZENDE - ME                756 - BANCOOB S/A 2006170000102                                                                                                                                                                                                                                                                                               000001
1022542123500018830940000316741000000                         00000001106301000000DM 00000000000000000000 01060706170015980617                    100617000000000294010400970010706170000250000000000000000000000000000000000000000000000000000000000000000000000000002940000000000000000000000000000000000000000000000000000010000000000000          0007886934067800000000000000000000000000000000000000000002
1022542123500018830940000316741000000                         00000001622001000000DM 00000000000000000000 01060706170029160617                    100617000000000349010400970010706170000250000000000000000000000000000000000000000000000000000000000000000000000000003490000000000000000000000000000000000000000000000000000010000000000000          0001248442318700000000000000000000000000000000000000000003
1022542123500018830940000316741000000                         00000001694001000000DM 00000000000000000000 01060706170029700617                    100617000000000349010400970010706170000250000000000000000000000000000000000000000000000000000000000000000000000000003490000000000000000000000000000000000000000000000000000010000000000000          0000214486281800000000000000000000000000000000000000000004
1022542123500018830940000316741000000                         00000002225401000000DM 00000000000000000000 01060706170014430617                    100617000000000294010400970010706170000250000000000000000000000000000000000000000000000000000000000000000000000000002940000000000000000000000000000000000000000000000000000010000000000000          0000696140365400000000000000000000000000000000000000000005
1022542123500018830940000316741000000                         00000000215201000000DM 00000000000000000000 01060706170003180617                    100617000000000294010400970010706170000250000000000000000000000000000000000000000000000000000000000000000000000000002940000000000000000000000000000000000000000000000000000010000000000000          0000949559261500000000000000000000000000000000000000000006
1022542123500018830940000316741000000                         00000000335101000000DM 00000000000000000000 01060706170004530617                    100617000000000349010400970010706170000250000000000000000000000000000000000000000000000000000000000000000000000000003490000000000000000000000000000000000000000000000000000010000000000000          0005516708060600000000000000000000000000000000000000000007
1022542123500018830940000316741000000                         00000001502101000000DM 00000000000000000000 01060706170028160617                    100617000000000349010400970010706170000250000000000000000000000000000000000000000000000000000000000000000000000000003490000000000000000000000000000000000000000000000000000010000000000000          0008257197068200000000000000000000000000000000000000000008
1022542123500018830940000316741000000                         00000002328801000000DM 00000000000000000000 01090706170000011016                    081216000000000010075630940010706170000000000000000000000000000000000000000000000000000000000000000000000000000000000100000000000000000000000000000000000000000000000000000010000000000000          0000542171660000000000000000000000000000000000000000000009
1022542123500018830940000316741000000                         00000000902001000000DM 00000000000000000000 01060706170012280617                    100617000000000349075630940010706170000250000000000000000000000000000000000000000000000000000000000000000000000000003490000000000000000000000000000000000000000000000000000010000000000000          0000488266564600000000000000000000000000000000000000000010
1022542123500018830940000316741000000                         00000001166501000000DM 00000000000000000000 01060706170017340617                    100617000000000294010400970010706170000250000000000000000000000000000000000000000000000000000000000000000000000000002940000000000000000000000000000000000000000000000000000010000000000000          0006300667766800000000000000000000000000000000000000000011
1022542123500018830940000316741000000                         00000001877901000000DM 00000000000000000000 01060706170025270617                    100617000000000349010400970010706170000250000000000000000000000000000000000000000000000000000000000000000000000000003490000000000000000000000000000000000000000000000000000010000000000000          0000677178867900000000000000000000000000000000000000000012
1022542123500018830940000316741000000                         00000000554501000000DM 00000000000000000000 01060706170008410617                    100617000000000294010400970010706170000250000000000000000000000000000000000000000000000000000000000000000000000000002940000000000000000000000000000000000000000000000000000010000000000000          0004459589168700000000000000000000000000000000000000000013
1022542123500018830940000316741000000                         00000002329501000000DM 00000000000000000000 01090706170000011116                    081216000000000010075630940010706170000000000000000000000000000000000000000000000000000000000000000000000000000000000100000000000000000000000000000000000000000000000000000010000000000000          0000542171660000000000000000000000000000000000000000000014
1022542123500018830940000316741000000                         00000001949401000000DM 00000000000000000000 01060706170025530617                    100617000000000349010400970010706170000250000000000000000000000000000000000000000000000000000000000000000000000000003490000000000000000000000000000000000000000000000000000010000000000000          0000588234869200000000000000000000000000000000000000000015
1022542123500018830940000316741000000                         00000000480501000000DM 00000000000000000000 01060706170007430617                    100617000000000294003334670010706170000250000000000000000000000000000000000000000000000000000000000000000000000000002940000000000000000000000000000000000000000000000000000010000000000000          0000653259166100000000000000000000000000000000000000000016
1022542123500018830940000316741000000                         00000002201801000000DM 00000000000000000000 01060706170027360617                    100617000000000349010400970010706170000250000000000000000000000000000000000000000000000000000000000000000000000000003490000000000000000000000000000000000000000000000000000010000000000000          0006724457262000000000000000000000000000000000000000000017
1022542123500018830940000316741000000                         00000000360601000000DM 00000000000000000000 01060706170030410617                    100617000000000349010400970010706170000250000000000000000000000000000000000000000000000000000000000000000000000000003490000000000000000000000000000000000000000000000000000010000000000000          0006919796260000000000000000000000000000000000000000000018
1022542123500018830940000316741000000                         00000002660001000000DM 00000000000000000000 01060706171000240517                    100617000000003241010400970010706170000250000000000000000000000000000000000000000000000000000000000000000000000000032410000000000000000000000000000000000000000000000000000010000000000000          0488922000017900000000000000000000000000000000000000000019
1022542123500018830940000316741000000                         00000002129101000000DM 00000000000000000000 01060706170026750617                    100617000000000349010400970010706170000250000000000000000000000000000000000000000000000000000000000000000000000000003490000000000000000000000000000000000000000000000000000010000000000000          0001130201368800000000000000000000000000000000000000000020
9027563094SICOOB CREDIARA          RUA MARIA RITA DE AGUIAR                          CENTRO                        38183236ARAXÁ                         MG200620170000001900000000113                                                                                                                                                                                                                    000021
