02RETORNO01COBRANÇA       30940000327964316741J REZENDE - ME                756 - BANCOOB S/A 0106170000094                                                                                                                                                                                                                                                                                               000001
1022542123500018830940000316741000000                         00000000855801000000DM 00000000000000000000 01060106170011610717                    100717000000000294010400970010106170000250000000000000000000000000000000000000000000000000000000000000000000000000002940000000000000000000000000000000000000000000000000000010000000000000          0004342743060000000000000000000000000000000000000000000002
1022542123500018830940000316741000000                         00000002117301000000DM 00000000000000000000 01060106170026740617                    100617000000000349023716910010106170000250000000000000000000000000000000000000000000000000000000000000000000000000003490000000000000000000000000000000000000000000000000000010000000000000          0000954360460600000000000000000000000000000000000000000003
9027563094SICOOB CREDIARA          RUA MARIA RITA DE AGUIAR                          CENTRO                        38183236ARAXÁ                         MG050620170000000200000000113                                                                                                                                                                                                                    000004
