02RETORNO01COBRANÇA       30940000327964316741J REZENDE - ME                756 - BANCOOB S/A 2006170000103                                                                                                                                                                                                                                                                                               000001
1022542123500018830940000316741000000                         00000000818501000000DM 00000000000000000000 01061906170011060617                    100617000000000294010400970011906170000250000000000000000000000000000000000000000000000000000000000000000000000000002943000000000000300000000000000000000000000000000000000010000000000000          0000306014564400000000000000000000000000000000000000000002
1022542123500018830940000316741000000                         00000000771401000000DM 00000000000000000000 01061906170010620717                    100717000000000294010400970011906170000250000000000000000000000000000000000000000000000000000000000000000000000000002940000000000000000000000000000000000000000000000000000010000000000000          0000055756263500000000000000000000000000000000000000000003
1022542123500018830940000316741000000                         00000000817801000000DM 00000000000000000000 01061906170011060517                    100517000000000294010400970011906170000250000000000000000000000000000000000000000000000000000000000000000000000000002946000000000000600000000000000000000000000000000000000010000000000000          0000306014564400000000000000000000000000000000000000000004
9027563094SICOOB CREDIARA          RUA MARIA RITA DE AGUIAR                          CENTRO                        38183236ARAXÁ                         MG200620170000000300000000113                                                                                                                                                                                                                    000005
