02RETORNO01COBRANÇA       30940000327964316741J REZENDE - ME                756 - BANCOOB S/A 3105170000093                                                                                                                                                                                                                                                                                               000001
1022542123500018830940000316741000000                         00000002044001000000DM 00000000000000000000 01063105170026050517                    100517000000000349075630940013105170000250000000000000000000000000000000000000000000000000000000000000000000000000004042000000000055200000000000000000000000000000000000000010000000000000          0000258153466400000000000000000000000000000000000000000002
1022542123500018830940000316741000000                         00000002189301000000DM 00000000000000000000 01063105170027130617                    100617000000000349010400970013105170000250000000000000000000000000000000000000000000000000000000000000000000000000003490000000000000000000000000000000000000000000000000000010000000000000          0009652261564900000000000000000000000000000000000000000003
1022542123500018830940000316741000000                         00000001442401000000DM 00000000000000000000 01063105170027570617                    100617000000000349010400970013105170000250000000000000000000000000000000000000000000000000000000000000000000000000003490000000000000000000000000000000000000000000000000000010000000000000          0000699499364700000000000000000000000000000000000000000004
9027563094SICOOB CREDIARA          RUA MARIA RITA DE AGUIAR                          CENTRO                        38183236ARAXÁ                         MG050620170000000300000000113                                                                                                                                                                                                                    000005
