02RETORNO01COBRANÇA       30940000327964316741J REZENDE - ME                756 - BANCOOB S/A 2606170000104                                                                                                                                                                                                                                                                                               000001
1022542123500018830940000316741000000                         00000002658401000000DM 00000000000000000000 01102106171000180517                    100617000000007871675630940012106170000100000000000000000000000000000000000000000000000000000000000000000000000000078716000000000000000000000000000000000000000000000000000010000000000000          1823706600016500000000000000000000000000000000000000000002
9027563094SICOOB CREDIARA          RUA MARIA RITA DE AGUIAR                          CENTRO                        38183236ARAXÁ                         MG260620170000000100000000113                                                                                                                                                                                                                    000003
