02RETORNO01COBRANÇA       30940000327964316741J REZENDE - ME                756 - BANCOOB S/A 0606170000097                                                                                                                                                                                                                                                                                               000001
1022542123500018830940000316741000000                         00000002057601000000DM 00000000000000000000 01060506170026060617                    100617000000000349010400970010506170000250000000000000000000000000000000000000000000000000000000000000000000000000003490000000000000000000000000000000000000000000000000000010000000000000          0004341197568700000000000000000000000000000000000000000002
1022542123500018830940000316741000000                         00000000299001000000DM 00000000000000000000 01060506170004220617                    100617000000000294010400970010506170000250000000000000000000000000000000000000000000000000000000000000000000000000002940000000000000000000000000000000000000000000000000000010000000000000          0007415855469100000000000000000000000000000000000000000003
1022542123500018830940000316741000000                         00000002237201000000DM 00000000000000000000 01060506170014480617                    100617000000000294010400970010506170000250000000000000000000000000000000000000000000000000000000000000000000000000002940000000000000000000000000000000000000000000000000000010000000000000          0005227926069700000000000000000000000000000000000000000004
1022542123500018830940000316741000000                         00000002273801000000DM 00000000000000000000 01060506170014950617                    100617000000000294023716910010506170000250000000000000000000000000000000000000000000000000000000000000000000000000002940000000000000000000000000000000000000000000000000000010000000000000          0000136752462800000000000000000000000000000000000000000005
1022542123500018830940000316741000000                         00000000444001000000DM 00000000000000000000 01060506170007200617                    100617000000000294063400190010506170000250000000000000000000000000000000000000000000000000000000000000000000000000002940000000000000000000000000000000000000000000000000000010000000000000          0003609756063000000000000000000000000000000000000000000006
1022542123500018830940000316741000000                         00000000746001000000DM 00000000000000000000 01060506170010210617                    100617000000000294010400970010506170000250000000000000000000000000000000000000000000000000000000000000000000000000002940000000000000000000000000000000000000000000000000000010000000000000          0007187518269100000000000000000000000000000000000000000007
1022542123500018830940000316741000000                         00000001142901000000DM 00000000000000000000 01060506170017120617                    100617000000000294010400970010506170000250000000000000000000000000000000000000000000000000000000000000000000000000002940000000000000000000000000000000000000000000000000000010000000000000          0006761282268700000000000000000000000000000000000000000008
1022542123500018830940000316741000000                         00000000191001000000DM 00000000000000000000 01060506170002470617                    100617000000000294010400970010506170000250000000000000000000000000000000000000000000000000000000000000000000000000002940000000000000000000000000000000000000000000000000000010000000000000          0000356167569700000000000000000000000000000000000000000009
1022542123500018830940000316741000000                         00000000143701000000DM 00000000000000000000 01060506170000410617                    100617000000000294010400970010506170000250000000000000000000000000000000000000000000000000000000000000000000000000002940000000000000000000000000000000000000000000000000000010000000000000          0000565324365500000000000000000000000000000000000000000010
1022542123500018830940000316741000000                         00000002249001000000DM 00000000000000000000 01060506170014580617                    100617000000000294010400970010506170000250000000000000000000000000000000000000000000000000000000000000000000000000002940000000000000000000000000000000000000000000000000000010000000000000          0002361630010000000000000000000000000000000000000000000011
1022542123500018830940000316741000000                         00000001730101000000DM 00000000000000000000 01060506170029770617                    100617000000000349010400970010506170000250000000000000000000000000000000000000000000000000000000000000000000000000003490000000000000000000000000000000000000000000000000000010000000000000          0006219557360000000000000000000000000000000000000000000012
1022542123500018830940000316741000000                         00000000372401000000DM 00000000000000000000 01060506170004350617                    100617000000000294034109440010506170000250000000000000000000000000000000000000000000000000000000000000000000000000002940000000000000000000000000000000000000000000000000000010000000000000          0001514063611500000000000000000000000000000000000000000013
1022542123500018830940000316741000000                         00000000866901000000DM 00000000000000000000 01060506170011880617                    100617000000000294010400970010506170000250000000000000000000000000000000000000000000000000000000000000000000000000002940000000000000000000000000000000000000000000000000000010000000000000          0009650926062000000000000000000000000000000000000000000014
1022542123500018830940000316741000000                         00000002361101000000DM 00000000000000000000 01060506170027500617                    100617000000000349010400970010506170000250000000000000000000000000000000000000000000000000000000000000000000000000003490000000000000000000000000000000000000000000000000000010000000000000          0000282899960200000000000000000000000000000000000000000015
9027563094SICOOB CREDIARA          RUA MARIA RITA DE AGUIAR                          CENTRO                        38183236ARAXÁ                         MG070620170000001400000000113                                                                                                                                                                                                                    000016
