02RETORNO01COBRANÇA       30940000327964316741J REZENDE - ME                756 - BANCOOB S/A 2505170000090                                                                                                                                                                                                                                                                                               000001
1022542123500018830940000316741000000                         00000001817701000000DM 00000000000000000000 01062505170030310617                    100617000000000349034164350012505170000250000000000000000000000000000000000000000000000000000000000000000000000000003490000000000000000000000000000000000000000000000000000010000000000000          0000848099966700000000000000000000000000000000000000000002
9027563094SICOOB CREDIARA          RUA MARIA RITA DE AGUIAR                          CENTRO                        38183236ARAXÁ                         MG050620170000000100000000113                                                                                                                                                                                                                    000003
