02RETORNO01COBRANÇA       30940000327964316741J REZENDE - ME                756 - BANCOOB S/A 3005170000092                                                                                                                                                                                                                                                                                               000001
1022542123500018830940000316741000000                         00000000155501000000DM 00000000000000000000 01063005170000730617                    100617000000000294010400970013005170000250000000000000000000000000000000000000000000000000000000000000000000000000002940000000000000000000000000000000000000000000000000000010000000000000          0000243026943000000000000000000000000000000000000000000002
9027563094SICOOB CREDIARA          RUA MARIA RITA DE AGUIAR                          CENTRO                        38183236ARAXÁ                         MG050620170000000100000000113                                                                                                                                                                                                                    000003
