02RETORNO01COBRANÇA       30940000327964316741J REZENDE - ME                756 - BANCOOB S/A 2806170000105                                                                                                                                                                                                                                                                                               000001
1022542123500018830940000316741000000                         00000000759501000000DM 00000000000000000000 01062706170010460717                    100717000000000294010400970012706170000250000000000000000000000000000000000000000000000000000000000000000000000000002940000000000000000000000000000000000000000000000000000010000000000000          0000013014064300000000000000000000000000000000000000000002
9027563094SICOOB CREDIARA          RUA MARIA RITA DE AGUIAR                          CENTRO                        38183236ARAXÁ                         MG280620170000000100000000113                                                                                                                                                                                                                    000003
