02RETORNO01COBRANÇA       30940000327964316741J REZENDE - ME                756 - BANCOOB S/A 0206170000095                                                                                                                                                                                                                                                                                               000001
1022542123500018830940000316741000000                         00000001118101000000DM 00000000000000000000 01060206170016360617                    100617000000000349010400970010206170000250000000000000000000000000000000000000000000000000000000000000000000000000003490000000000000000000000000000000000000000000000000000010000000000000          0004340692069100000000000000000000000000000000000000000002
1022542123500018830940000316741000000                         00000001202601000000DM 00000000000000000000 01060206170017750617                    100617000000000294010400970010206170000250000000000000000000000000000000000000000000000000000000000000000000000000002940000000000000000000000000000000000000000000000000000010000000000000          0002729843469100000000000000000000000000000000000000000003
1022542123500018830940000316741000000                         00000001913001000000DM 00000000000000000000 01060206170025190617                    100617000000000349010407080010206170000250000000000000000000000000000000000000000000000000000000000000000000000000003490000000000000000000000000000000000000000000000000000010000000000000          0008540006863400000000000000000000000000000000000000000004
1022542123500018830940000316741000000                         00000000662601000000DM 00000000000000000000 01060206170006480617                    100617000000000349010400970010206170000250000000000000000000000000000000000000000000000000000000000000000000000000003490000000000000000000000000000000000000000000000000000010000000000000          0001612677762000000000000000000000000000000000000000000005
1022542123500018830940000316741000000                         00000002141001000000DM 00000000000000000000 01060206170026860617                    100617000000000349034199260010206170000250000000000000000000000000000000000000000000000000000000000000000000000000003490000000000000000000000000000000000000000000000000000010000000000000          0003407094060000000000000000000000000000000000000000000006
1022542123500018830940000316741000000                         00000000323301000000DM 00000000000000000000 01060206170004370617                    100617000000000294010400970010206170000250000000000000000000000000000000000000000000000000000000000000000000000000002940000000000000000000000000000000000000000000000000000010000000000000          0001313854565300000000000000000000000000000000000000000007
1022542123500018830940000316741000000                         00000000698001000000DM 00000000000000000000 01060206170009530617                    100617000000000294010400970010206170000250000000000000000000000000000000000000000000000000000000000000000000000000002940000000000000000000000000000000000000000000000000000010000000000000          0004361846464900000000000000000000000000000000000000000008
1022542123500018830940000316741000000                         00000001466001000000DM 00000000000000000000 01060206170027730617                    100617000000000349010400970010206170000250000000000000000000000000000000000000000000000000000000000000000000000000003490000000000000000000000000000000000000000000000000000010000000000000          0006612363169100000000000000000000000000000000000000000009
9027563094SICOOB CREDIARA          RUA MARIA RITA DE AGUIAR                          CENTRO                        38183236ARAXÁ                         MG050620170000000800000000113                                                                                                                                                                                                                    000010
