02RETORNO01COBRANÇA       30940000327964316741J REZENDE - ME                756 - BANCOOB S/A 0906170000099                                                                                                                                                                                                                                                                                               000001
1022542123500018830940000316741000000                         00000000914801000000DM 00000000000000000000 01060906170012340617                    100617000000000294010400970010906170000250000000000000000000000000000000000000000000000000000000000000000000000000002940000000000000000000000000000000000000000000000000000010000000000000          0008461066260400000000000000000000000000000000000000000002
1022542123500018830940000316741000000                         00000000806701000000DM 00000000000000000000 01060906170011030617                    100617000000000294034199260010906170000250000000000000000000000000000000000000000000000000000000000000000000000000002940000000000000000000000000000000000000000000000000000010000000000000          0008715135969100000000000000000000000000000000000000000003
1022542123500018830940000316741000000                         00000001280001000000DM 00000000000000000000 01090906171000221116                    101216000000004226575630940010906170000000000000000000000000000000000000000000000000000000000000000000000000000000042265000000000000000000000000000000000000000000000000000010000000000000          1997737400019000000000000000000000000000000000000000000004
1022542123500018830940000316741000000                         00000000456801000000DM 00000000000000000000 01060906170007350617                    100617000000000294010400970010906170000250000000000000000000000000000000000000000000000000000000000000000000000000002940000000000000000000000000000000000000000000000000000010000000000000          0001043534261400000000000000000000000000000000000000000005
1022542123500018830940000316741000000                         00000000614201000000DM 00000000000000000000 01060906170005350617                    100617000000000294010400970010906170000250000000000000000000000000000000000000000000000000000000000000000000000000002940000000000000000000000000000000000000000000000000000010000000000000          0000659773163800000000000000000000000000000000000000000006
1022542123500018830940000316741000000                         00000001985001000000DM 00000000000000000000 01060906170025800617                    100617000000000349075630940010906170000250000000000000000000000000000000000000000000000000000000000000000000000000003490000000000000000000000000000000000000000000000000000010000000000000          0007188615063000000000000000000000000000000000000000000007
1022542123500018830940000316741000000                         00000001550501000000DM 00000000000000000000 01060906170028820617                    100617000000000349010400970010906170000250000000000000000000000000000000000000000000000000000000000000000000000000003490000000000000000000000000000000000000000000000000000010000000000000          0002486093060600000000000000000000000000000000000000000008
1022542123500018830940000316741000000                         00000001285701000000DM 00000000000000000000 01060906170030190517                    100617000000000319063400190010906170000250000000000000000000000000000000000000000000000000000000000000000000000000003190000000000000000000000000000000000000000000000000000010000000000000          0000766983862000000000000000000000000000000000000000000009
1022542123500018830940000316741000000                         00000002659101000000DM 00000000000000000000 01060906171000210517                    100617000000001039575640790010906170000250000000000000000000000000000000000000000000000000000000000000000000000000010395000000000000000000000000000000000000000000000000000010000000000000          6522717500018100000000000000000000000000000000000000000010
1022542123500018830940000316741000000                         00000001058401000000DM 00000000000000000000 01060906170015610617                    100617000000000294010400970010906170000250000000000000000000000000000000000000000000000000000000000000000000000000002940000000000000000000000000000000000000000000000000000010000000000000          0000512874565100000000000000000000000000000000000000000011
1022542123500018830940000316741000000                         00000001586001000000DM 00000000000000000000 01060906170028970617                    100617000000000349010400970010906170000250000000000000000000000000000000000000000000000000000000000000000000000000003490000000000000000000000000000000000000000000000000000010000000000000          0005968516666800000000000000000000000000000000000000000012
1022542123500018830940000316741000000                         00000002495301000000DM 00000000000000000000 01060906170030420617                    100617000000000349010400970010906170000250000000000000000000000000000000000000000000000000000000000000000000000000003490000000000000000000000000000000000000000000000000000010000000000000          0001076302165200000000000000000000000000000000000000000013
9027563094SICOOB CREDIARA          RUA MARIA RITA DE AGUIAR                          CENTRO                        38183236ARAXÁ                         MG120620170000001200000000113                                                                                                                                                                                                                    000014
