02RETORNO01COBRANÇA       30940000327964316741J REZENDE - ME                756 - BANCOOB S/A 0806170000098                                                                                                                                                                                                                                                                                               000001
1022542123500018830940000316741000000                         00000001562301000000DM 00000000000000000000 01060806170028890617                    100617000000000349010400970010806170000250000000000000000000000000000000000000000000000000000000000000000000000000003490000000000000000000000000000000000000000000000000000010000000000000          0000564891363000000000000000000000000000000000000000000002
1022542123500018830940000316741000000                         00000001490801000000DM 00000000000000000000 01060806170028150601                    100617000000000349010400970010806170000250000000000000000000000000000000000000000000000000000000000000000000000000003490000000000000000000000000000000000000000000000000000010000000000000          0001026372666500000000000000000000000000000000000000000003
1022542123500018830940000316741000000                         00000002105501000000DM 00000000000000000000 01060806170026710617                    100617000000000349010400970010806170000250000000000000000000000000000000000000000000000000000000000000000000000000003490000000000000000000000000000000000000000000000000000010000000000000          0005764341515300000000000000000000000000000000000000000004
1022542123500018830940000316741000000                         00000002261001000000DM 00000000000000000000 01060806170014700617                    100617000000000294010400970010806170000250000000000000000000000000000000000000000000000000000000000000000000000000002940000000000000000000000000000000000000000000000000000010000000000000          0008318973461500000000000000000000000000000000000000000005
1022542123500018830940000316741000000                         00000001658501000000DM 00000000000000000000 01060806170029300617                    100617000000000349010400970010806170000250000000000000000000000000000000000000000000000000000000000000000000000000003490000000000000000000000000000000000000000000000000000010000000000000          0000809615061800000000000000000000000000000000000000000006
1022542123500018830940000316741000000                         00000000830401000000DM 00000000000000000000 01060806170011230617                    100617000000000294010400970010806170000250000000000000000000000000000000000000000000000000000000000000000000000000002940000000000000000000000000000000000000000000000000000010000000000000          0000702724661900000000000000000000000000000000000000000007
1022542123500018830940000316741000000                         00000000626001000000DM 00000000000000000000 01060806170005190617                    100617000000000294010400970010806170000250000000000000000000000000000000000000000000000000000000000000000000000000002940000000000000000000000000000000000000000000000000000010000000000000          0007188477760000000000000000000000000000000000000000000008
1022542123500018830940000316741000000                         00000000602401000000DM 00000000000000000000 01060806170009010617                    100617000000000294010400970010806170000250000000000000000000000000000000000000000000000000000000000000000000000000002940000000000000000000000000000000000000000000000000000010000000000000          0009470166060400000000000000000000000000000000000000000009
1022542123500018830940000316741000000                         00000001094001000000DM 00000000000000000000 01060806170015840617                    100617000000000294010400970010806170000250000000000000000000000000000000000000000000000000000000000000000000000000002940000000000000000000000000000000000000000000000000000010000000000000          0006872201061000000000000000000000000000000000000000000010
1022542123500018830940000316741000000                         00000002643401000000DM 00000000000000000000 01060806170029060617                    100617000000000349010400970010806170000250000000000000000000000000000000000000000000000000000000000000000000000000003490000000000000000000000000000000000000000000000000000010000000000000          0007331229087200000000000000000000000000000000000000000011
1022542123500018830940000316741000000                         00000000178401000000DM 00000000000000000000 01060806170001520617                    100617000000000294010400970010806170000250000000000000000000000000000000000000000000000000000000000000000000000000002940000000000000000000000000000000000000000000000000000010000000000000          0000719132169500000000000000000000000000000000000000000012
1022542123500018830940000316741000000                         00000001214401000000DM 00000000000000000000 01060806170017950617                    100617000000000294010400970010806170000250000000000000000000000000000000000000000000000000000000000000000000000000002940000000000000000000000000000000000000000000000000000010000000000000          0000027258068600000000000000000000000000000000000000000013
9027563094SICOOB CREDIARA          RUA MARIA RITA DE AGUIAR                          CENTRO                        38183236ARAXÁ                         MG120620170000001200000000113                                                                                                                                                                                                                    000014
