02RETORNO01COBRANÇA       30940000327964316741J REZENDE - ME                756 - BANCOOB S/A 0706170000096                                                                                                                                                                                                                                                                                               000001
1022542123500018830940000316741000000                         00000000758801000000DM 00000000000000000000 01060606170010460617                    100617000000000294010400970010606170000250000000000000000000000000000000000000000000000000000000000000000000000000002940000000000000000000000000000000000000000000000000000010000000000000          0000013014064300000000000000000000000000000000000000000002
1022542123500018830940000316741000000                         00000001973101000000DM 00000000000000000000 01060606170025770617                    100617000000000349010400970010606170000250000000000000000000000000000000000000000000000000000000000000000000000000003490000000000000000000000000000000000000000000000000000010000000000000          0003225644269100000000000000000000000000000000000000000003
1022542123500018830940000316741000000                         00000001406901000000DM 00000000000000000000 01060606170023390617                    100617000000000349010400970010606170000250000000000000000000000000000000000000000000000000000000000000000000000000003490000000000000000000000000000000000000000000000000000010000000000000          0003615945069700000000000000000000000000000000000000000004
1022542123500018830940000316741000000                         00000001082101000000DM 00000000000000000000 01060606170015740617                    100617000000000294010400970010606170000250000000000000000000000000000000000000000000000000000000000000000000000000002940000000000000000000000000000000000000000000000000000010000000000000          0003615826760000000000000000000000000000000000000000000005
1022542123500018830940000316741000000                         00000000275401000000DM 00000000000000000000 01060606170004110617                    100617000000000349010400970010606170000250000000000000000000000000000000000000000000000000000000000000000000000000003490000000000000000000000000000000000000000000000000000010000000000000          0007246051260000000000000000000000000000000000000000000006
1022542123500018830940000316741000000                         00000000986801000000DM 00000000000000000000 01060606170024530617                    100617000000000349010400970010606170000250000000000000000000000000000000000000000000000000000000000000000000000000003490000000000000000000000000000000000000000000000000000010000000000000          0003607094764900000000000000000000000000000000000000000007
1022542123500018830940000316741000000                         00000001598801000000DM 00000000000000000000 01060606170029010617                    100617000000000349010400970010606170000250000000000000000000000000000000000000000000000000000000000000000000000000003490000000000000000000000000000000000000000000000000000010000000000000          0002483652468700000000000000000000000000000000000000000008
1022542123500018830940000316741000000                         00000001538601000000DM 00000000000000000000 01060606170028810617                    100617000000000349034199260010606170000250000000000000000000000000000000000000000000000000000000000000000000000000003490000000000000000000000000000000000000000000000000000010000000000000          0002729612165300000000000000000000000000000000000000000009
9027563094SICOOB CREDIARA          RUA MARIA RITA DE AGUIAR                          CENTRO                        38183236ARAXÁ                         MG070620170000000800000000113                                                                                                                                                                                                                    000010
