02RETORNO01COBRANÇA       30940000327964316741J REZENDE - ME                756 - BANCOOB S/A 1906170000101                                                                                                                                                                                                                                                                                               000001
1022542123500018830940000316741000000                         00000001238001000000DM 00000000000000000000 01061206170022660617                    100617000000000349010400970011206170000250000000000000000000000000000000000000000000000000000000000000000000000000003490000000000000000000000000000000000000000000000000000010000000000000          0004170441060600000000000000000000000000000000000000000002
1022542123500018830940000316741000000                         00000002027501000000DM 00000000000000000000 01101206170025951217                    101217000000000349075630940011206170000100000000000000000000000000000000000000000000000000000000000000000000000000003490000000000000000000000000000000000000000000000000000010000000000000          0009473525567200000000000000000000000000000000000000000003
1022542123500018830940000316741000000                         00000000674401000000DM 00000000000000000000 01061206170009450617                    100617000000000294010400970011206170000250000000000000000000000000000000000000000000000000000000000000000000000000002940000000000000000000000000000000000000000000000000000010000000000000          0009277825960000000000000000000000000000000000000000000004
1022542123500018830940000316741000000                         00000001778401000000DM 00000000000000000000 01061206170030140617                    260617000000000349010400970011206170000250000000000000000000000000000000000000000000000000000000000000000000000000003490000000000000000000000000000000000000000000000000000010000000000000          0000506908968400000000000000000000000000000000000000000005
1022542123500018830940000316741000000                         00000000408401000000DM 00000000000000000000 01061206170006790617                    100617000000000349013658110011206170000250000000000000000000000000000000000000000000000000000000000000000000000000003490000000000000000000000000000000000000000000000000000010000000000000          0003619380163400000000000000000000000000000000000000000006
1022542123500018830940000316741000000                         00000002165701000000DM 00000000000000000000 01061206170027000617                    100617000000000349010400970011206170000250000000000000000000000000000000000000000000000000000000000000000000000000003490000000000000000000000000000000000000000000000000000010000000000000          0000487456467400000000000000000000000000000000000000000007
1022542123500018830940000316741000000                         00000000842201000000DM 00000000000000000000 01061206170011390617                    100617000000000294010400970011206170000250000000000000000000000000000000000000000000000000000000000000000000000000002940000000000000000000000000000000000000000000000000000010000000000000          0009651106069100000000000000000000000000000000000000000008
1022542123500018830940000316741000000                         00000002021101000000DM 00000000000000000000 01101206170025950617                    100617000000000349075630940011206170000100000000000000000000000000000000000000000000000000000000000000000000000000003490000000000000000000000000000000000000000000000000000010000000000000          0009473525567200000000000000000000000000000000000000000009
1022542123500018830940000316741000000                         00000002024301000000DM 00000000000000000000 01101206170025950917                    100917000000000349075630940011206170000100000000000000000000000000000000000000000000000000000000000000000000000000003490000000000000000000000000000000000000000000000000000010000000000000          0009473525567200000000000000000000000000000000000000000010
1022542123500018830940000316741000000                         00000001008601000000DM 00000000000000000000 01101206170024730417                    100417000000000349075630940011206170000100000000000000000000000000000000000000000000000000000000000000000000000000003490000000000000000000000000000000000000000000000000000010000000000000          0001603579869100000000000000000000000000000000000000000011
1022542123500018830940000316741000000                         00000002213601000000DM 00000000000000000000 01061206170014420617                    100617000000000294010400970011206170000250000000000000000000000000000000000000000000000000000000000000000000000000002940000000000000000000000000000000000000000000000000000010000000000000          0000534757766500000000000000000000000000000000000000000012
1022542123500018830940000316741000000                         00000001634901000000DM 00000000000000000000 01061206170029220617                    100617000000000349000102100011206170000250000000000000000000000000000000000000000000000000000000000000000000000000003490000000000000000000000000000000000000000000000000000010000000000000          0005554795862000000000000000000000000000000000000000000013
1022542123500018830940000316741000000                         00000002650601000000DM 00000000000000000000 01061206171000070517                    100617000000000957034199260011206170000250000000000000000000000000000000000000000000000000000000000000000000000000009570000000000000000000000000000000000000000000000000000010000000000000          7097303700069600000000000000000000000000000000000000000014
1022542123500018830940000316741000000                         00000002653801000000DM 00000000000000000000 01061206171000120517                    100617000000000638034199260011206170000250000000000000000000000000000000000000000000000000000000000000000000000000006380000000000000000000000000000000000000000000000000000010000000000000          7097216100012200000000000000000000000000000000000000000015
1022542123500018830940000316741000000                         00000002651301000000DM 00000000000000000000 01061206171000090517                    100617000000000319034199260011206170000250000000000000000000000000000000000000000000000000000000000000000000000000003190000000000000000000000000000000000000000000000000000010000000000000          7097303700042400000000000000000000000000000000000000000016
1022542123500018830940000316741000000                         00000002654501000000DM 00000000000000000000 01061206171000150517                    100617000000002561034199260011206170000250000000000000000000000000000000000000000000000000000000000000000000000000025610000000000000000000000000000000000000000000000000000010000000000000          7097303700093900000000000000000000000000000000000000000017
1022542123500018830940000316741000000                         00000002657701000000DM 00000000000000000000 01061206171000140517                    100617000000000319063400190011206170000250000000000000000000000000000000000000000000000000000000000000000000000000003190000000000000000000000000000000000000000000000000000010000000000000          3874637600046500000000000000000000000000000000000000000018
1022542123500018830940000316741000000                         00000000997901000000DM 00000000000000000000 01101206170024540517                    100517000000000349075630940011206170000100000000000000000000000000000000000000000000000000000000000000000000000000003490000000000000000000000000000000000000000000000000000010000000000000          0000847276465600000000000000000000000000000000000000000019
1022542123500018830940000316741000000                         00000002022901000000DM 00000000000000000000 01101206170025950717                    100717000000000349075630940011206170000100000000000000000000000000000000000000000000000000000000000000000000000000003490000000000000000000000000000000000000000000000000000010000000000000          0009473525567200000000000000000000000000000000000000000020
1022542123500018830940000316741000000                         00000001706401000000DM 00000000000000000000 01101206170029710617                    100617000000000349075630940011206170000100000000000000000000000000000000000000000000000000000000000000000000000000003490000000000000000000000000000000000000000000000000000010000000000000          0002729840060600000000000000000000000000000000000000000021
1022542123500018830940000316741000000                         00000002396901000000DM 00000000000000000000 01101206170009990517                    100517000000000294075630940011206170000100000000000000000000000000000000000000000000000000000000000000000000000000002940000000000000000000000000000000000000000000000000000010000000000000          0007875360064900000000000000000000000000000000000000000022
1022542123500018830940000316741000000                         00000002025001000000DM 00000000000000000000 01101206170025951017                    101017000000000349075630940011206170000100000000000000000000000000000000000000000000000000000000000000000000000000003490000000000000000000000000000000000000000000000000000010000000000000          0009473525567200000000000000000000000000000000000000000023
1022542123500018830940000316741000000                         00000001006101000000DM 00000000000000000000 01101206170024730217                    100217000000000349075630940011206170000100000000000000000000000000000000000000000000000000000000000000000000000000003490000000000000000000000000000000000000000000000000000010000000000000          0001603579869100000000000000000000000000000000000000000024
1022542123500018830940000316741000000                         00000001009301000000DM 00000000000000000000 01101206170024730517                    100517000000000349075630940011206170000100000000000000000000000000000000000000000000000000000000000000000000000000003490000000000000000000000000000000000000000000000000000010000000000000          0001603579869100000000000000000000000000000000000000000025
1022542123500018830940000316741000000                         00000000384201000000DM 00000000000000000000 01061206170004730617                    100617000000000294010400970011206170000250000000000000000000000000000000000000000000000000000000000000000000000000002940000000000000000000000000000000000000000000000000000010000000000000          0004063987868700000000000000000000000000000000000000000026
1022542123500018830940000316741000000                         00000000721601000000DM 00000000000000000000 01101206170010140517                    100517000000000349075630940011206170000100000000000000000000000000000000000000000000000000000000000000000000000000003490000000000000000000000000000000000000000000000000000010000000000000          0005764752663400000000000000000000000000000000000000000027
1022542123500018830940000316741000000                         00000002023601000000DM 00000000000000000000 01101206170025950817                    100817000000000349075630940011206170000100000000000000000000000000000000000000000000000000000000000000000000000000003490000000000000000000000000000000000000000000000000000010000000000000          0009473525567200000000000000000000000000000000000000000028
1022542123500018830940000316741000000                         00000002026801000000DM 00000000000000000000 01101206170025951117                    101117000000000349075630940011206170000100000000000000000000000000000000000000000000000000000000000000000000000000003490000000000000000000000000000000000000000000000000000010000000000000          0009473525567200000000000000000000000000000000000000000029
1022542123500018830940000316741000000                         00000000890601000000DM 00000000000000000000 01061206170012200617                    100617000000000294010400970011206170000250000000000000000000000000000000000000000000000000000000000000000000000000002940000000000000000000000000000000000000000000000000000010000000000000          0005183755876000000000000000000000000000000000000000000030
1022542123500018830940000316741000000                         00000001007901000000DM 00000000000000000000 01101206170024730317                    100317000000000349075630940011206170000100000000000000000000000000000000000000000000000000000000000000000000000000003490000000000000000000000000000000000000000000000000000010000000000000          0001603579869100000000000000000000000000000000000000000031
1022542123500018830940000316741000000                         00000000202701000000DM 00000000000000000000 01101206170002560517                    100517000000000294075630940011206170000100000000000000000000000000000000000000000000000000000000000000000000000000002940000000000000000000000000000000000000000000000000000010000000000000          0000474784860600000000000000000000000000000000000000000032
1022542123500018830940000316741000000                         00000000287201000000DM 00000000000000000000 01061206170004140617                    100617000000000349010400970011206170000250000000000000000000000000000000000000000000000000000000000000000000000000003490000000000000000000000000000000000000000000000000000010000000000000          0000303613564200000000000000000000000000000000000000000033
1022542123500018830940000316741000000                         00000001155401000000DM 00000000000000000000 01061206170017220717                    100717000000000294010400970011206170000250000000000000000000000000000000000000000000000000000000000000000000000000002940000000000000000000000000000000000000000000000000000010000000000000          0000326379860000000000000000000000000000000000000000000034
1022542123500018830940000316741000000                         00000002656001000000DM 00000000000000000000 01061206171000110517                    100617000000000957063400190011206170000250000000000000000000000000000000000000000000000000000000000000000000000000009570000000000000000000000000000000000000000000000000000010000000000000          3874637600038400000000000000000000000000000000000000000035
1022542123500018830940000316741000000                         00000000515801000000DM 00000000000000000000 01101206170008390517                    100517000000000294075630940011206170000100000000000000000000000000000000000000000000000000000000000000000000000000002940000000000000000000000000000000000000000000000000000010000000000000          0004904386264900000000000000000000000000000000000000000036
1022542123500018830940000316741000000                         00000000530901000000DM 00000000000000000000 01061206170004160617                    100617000000000294034109440011206170000250000000000000000000000000000000000000000000000000000000000000000000000000002940000000000000000000000000000000000000000000000000000010000000000000          0009147587261500000000000000000000000000000000000000000037
1022542123500018830940000316741000000                         00000000638901000000DM 00000000000000000000 01101206170005450617                    100617000000000294075630940011206170000100000000000000000000000000000000000000000000000000000000000000000000000000002940000000000000000000000000000000000000000000000000000010000000000000          0003013578866800000000000000000000000000000000000000000038
1022542123500018830940000316741000000                         00000000650801000000DM 00000000000000000000 01061206170005930617                    100617000000000294010400970011206170000250000000000000000000000000000000000000000000000000000000000000000000000000002940000000000000000000000000000000000000000000000000000010000000000000          0003023575860400000000000000000000000000000000000000000039
1022542123500018830940000316741000000                         00000000974001000000DM 00000000000000000000 01101206170024350617                    100617000000000294075630940011206170000100000000000000000000000000000000000000000000000000000000000000000000000000002940000000000000000000000000000000000000000000000000000010000000000000          0008566563069100000000000000000000000000000000000000000040
1022542123500018830940000316741000000                         00000000201001000000DM 00000000000000000000 01101206170002560417                    100417000000000294075630940011206170000100000000000000000000000000000000000000000000000000000000000000000000000000002940000000000000000000000000000000000000000000000000000010000000000000          0000474784860600000000000000000000000000000000000000000041
1022542123500018830940000316741000000                         00000001853201000000DM 00000000000000000000 01061206170030330617                    100617000000000349010400970011206170000250000000000000000000000000000000000000000000000000000000000000000000000000003490000000000000000000000000000000000000000000000000000010000000000000          0008285259668700000000000000000000000000000000000000000042
1022542123500018830940000316741000000                         00000001777701000000DM 00000000000000000000 01101206170030140517                    260517000000000349075630940011206170000100000000000000000000000000000000000000000000000000000000000000000000000000003490000000000000000000000000000000000000000000000000000010000000000000          0000506908968400000000000000000000000000000000000000000043
1022542123500018830940000316741000000                         00000002652001000000DM 00000000000000000000 01061206171000100517                    100617000000000638034199260011206170000250000000000000000000000000000000000000000000000000000000000000000000000000006380000000000000000000000000000000000000000000000000000010000000000000          7097303700034300000000000000000000000000000000000000000044
1022542123500018830940000316741000000                         00000002655201000000DM 00000000000000000000 01061206171000080517                    100617000000000957063400190011206170000250000000000000000000000000000000000000000000000000000000000000000000000000009570000000000000000000000000000000000000000000000000000010000000000000          3874637600011200000000000000000000000000000000000000000045
9027563094SICOOB CREDIARA          RUA MARIA RITA DE AGUIAR                          CENTRO                        38183236ARAXÁ                         MG190620170000004400000000113                                                                                                                                                                                                                    000046
