02RETORNO01COBRANÇA       30940000327964316741J REZENDE                     756 - BANCOOB S/A 0510180000259                                                                                                                                                                                                                                                                                               000001
1022542123500018830940000316741000000                         00000003642601000000DM 00000000000000000000 01060510180028161018                    101018000000000374010400970010510180000250000000000000000000000000000000000000000000000000000000000000000000000000003740000000000000000000000000000000000000000000000000000010000000000000          0008257197068200000000000000000000000000000000000000000002
1022542123500018830940000316741000000                         00000004079601000000DM 00000000000000000000 01060410180014581018                    101018000000000324010400970010410180000250000000000000000000000000000000000000000000000000000000000000000000000000003240000000000000000000000000000000000000000000000000000010000000000000          0002361630010000000000000000000000000000000000000000000003
1022542123500018830940000316741000000                         00000003762501000000DM 00000000000000000000 01060510180029701018                    101018000000000374010400970010510180000250000000000000000000000000000000000000000000000000000000000000000000000000003740000000000000000000000000000000000000000000000000000010000000000000          0000214486281800000000000000000000000000000000000000000004
1022542123500018830940000316741000000                         00000003666201000000DM 00000000000000000000 01060310180028821018                    101018000000000374010400970010310180000250000000000000000000000000000000000000000000000000000000000000000000000000003740000000000000000000000000000000000000000000000000000010000000000000          0002486093060600000000000000000000000000000000000000000005
1022542123500018830940000316741000000                         00000003983301000000DM 00000000000000000000 01060310180026741018                    101018000000000374023716910010310180000250000000000000000000000000000000000000000000000000000000000000000000000000003740000000000000000000000000000000000000000000000000000010000000000000          0000954360460600000000000000000000000000000000000000000006
1022542123500018830940000316741000000                         00000004067801000000DM 00000000000000000000 01060310180014481018                    101018000000000324010400970010310180000250000000000000000000000000000000000000000000000000000000000000000000000000003240000000000000000000000000000000000000000000000000000010000000000000          0005227926069700000000000000000000000000000000000000000007
1022542123500018830940000316741000000                         00000004115701000000DM 00000000000000000000 01060410180015231018                    101018000000000324010400970010410180000250000000000000000000000000000000000000000000000000000000000000000000000000003240000000000000000000000000000000000000000000000000000010000000000000          0003225778362000000000000000000000000000000000000000000008
1022542123500018830940000316741000000                         00000002895001000000DM 00000000000000000000 01060310180004371018                    101018000000000324010400970010310180000250000000000000000000000000000000000000000000000000000000000000000000000000003240000000000000000000000000000000000000000000000000000010000000000000          0001313854565300000000000000000000000000000000000000000009
1022542123500018830940000316741000000                         00000003199601000000DM 00000000000000000000 01060510180009531018                    101018000000000324010400970010510180000250000000000000000000000000000000000000000000000000000000000000000000000000003240000000000000000000000000000000000000000000000000000010000000000000          0004361846464900000000000000000000000000000000000000000010
1022542123500018830940000316741000000                         00000003511601000000DM 00000000000000000000 01060510180017341018                    101018000000000324010400970010510180000250000000000000000000000000000000000000000000000000000000000000000000000000003240000000000000000000000000000000000000000000000000000010000000000000          0006300667766800000000000000000000000000000000000000000011
1022542123500018830940000316741000000                         00000003247501000000DM 00000000000000000000 01060510180010461018                    101018000000000324023716910010510180000250000000000000000000000000000000000000000000000000000000000000000000000000003240000000000000000000000000000000000000000000000000000010000000000000          0000013014064300000000000000000000000000000000000000000012
1022542123500018830940000316741000000                         00000003887001000000DM 00000000000000000000 01060310180025191018                    101018000000000374010407080010310180000250000000000000000000000000000000000000000000000000000000000000000000000000003740000000000000000000000000000000000000000000000000000010000000000000          0008540006863400000000000000000000000000000000000000000013
1022542123500018830940000316741000000                         00000002775101000000DM 00000000000000000000 01060410180001141018                    101018000000000324010400970010410180000250000000000000000000000000000000000000000000000000000000000000000000000000003240000000000000000000000000000000000000000000000000000010000000000000          0004897155363400000000000000000000000000000000000000000014
1022542123500018830940000316741000000                         00000003654401000000DM 00000000000000000000 01060410180028811018                    101018000000000374010400970010410180000250000000000000000000000000000000000000000000000000000000000000000000000000003740000000000000000000000000000000000000000000000000000010000000000000          0002729612165300000000000000000000000000000000000000000015
1022542123500018830940000316741000000                         00000003594701000000DM 00000000000000000000 01060110180023391018                    101018000000000374010400970010110180000250000000000000000000000000000000000000000000000000000000000000000000000000003740000000000000000000000000000000000000000000000000000010000000000000          0003615945069700000000000000000000000000000000000000000016
1022542123500018830940000316741000000                         00000003875201000000DM 00000000000000000000 01060510180025271018                    101018000000000374010400970010510180000250000000000000000000000000000000000000000000000000000000000000000000000000003740000000000000000000000000000000000000000000000000000010000000000000          0000677178867900000000000000000000000000000000000000000017
1022542123500018830940000316741000000                         00000004007601000000DM 00000000000000000000 01060410180026861018                    101018000000000374010400970010410180000250000000000000000000000000000000000000000000000000000000000000000000000000003740000000000000000000000000000000000000000000000000000010000000000000          0003407094060000000000000000000000000000000000000000000018
1022542123500018830940000316741000000                         00000003863401000000DM 00000000000000000000 01060310180030331018                    101018000000000374010400970010310180000250000000000000000000000000000000000000000000000000000000000000000000000000003740000000000000000000000000000000000000000000000000000010000000000000          0008285259668700000000000000000000000000000000000000000019
1022542123500018830940000316741000000                         00000003163101000000DM 00000000000000000000 01060510180006481018                    101018000000000374010400970010510180000250000000000000000000000000000000000000000000000000000000000000000000000000003740000000000000000000000000000000000000000000000000000010000000000000          0001612677762000000000000000000000000000000000000000000020
9027563094SICOOB CREDIARA          RUA MARIA RITA DE AGUIAR                          CENTRO                        38183236ARAXÁ                         MG091020180000001900000000113                                                                                                                                                                                                                    000021
