02RETORNO01COBRANÇA       30940000327964316741J REZENDE                     756 - BANCOOB S/A 1510180000261                                                                                                                                                                                                                                                                                               000001
1022542123500018830940000316741000000                         00000003935001000000DM 00000000000000000000 01061010180026051018                    101018000000000374010400970011010180000250000000000000000000000000000000000000000000000000000000000000000000000000003740000000000000000000000000000000000000000000000000000010000000000000          0000258153466400000000000000000000000000000000000000000002
1022542123500018830940000316741000000                         00000004127501000000DM 00000000000000000000 01060910180004271018                    101018000000000324010400970010910180000250000000000000000000000000000000000000000000000000000000000000000000000000003240000000000000000000000000000000000000000000000000000010000000000000          0000329979965700000000000000000000000000000000000000000003
1022542123500018830940000316741000000                         00000003307201000000DM 00000000000000000000 01061010180012341018                    101018000000000324010400970011010180000250000000000000000000000000000000000000000000000000000000000000000000000000003240000000000000000000000000000000000000000000000000000010000000000000          0008461066260400000000000000000000000000000000000000000004
1022542123500018830940000316741000000                         00000003343801000000DM 00000000000000000000 01061010180023971018                    101018000000000374010400970011010180000250000000000000000000000000000000000000000000000000000000000000000000000000003740000000000000000000000000000000000000000000000000000010000000000000          0007188737762000000000000000000000000000000000000000000005
1022542123500018830940000316741000000                         00000003463701000000DM 00000000000000000000 01060910180015981018                    101018000000000324010400970010910180000250000000000000000000000000000000000000000000000000000000000000000000000000003240000000000000000000000000000000000000000000000000000010000000000000          0007886934067800000000000000000000000000000000000000000006
1022542123500018830940000316741000000                         00000004640001000000DM 00000000000000000000 01061010181000210918                    101018000000000526510400970011010180000250000000000000000000000000000000000000000000000000000000000000000000000000005265000000000000000000000000000000000000000000000000000010000000000000          6522717500018100000000000000000000000000000000000000000007
1022542123500018830940000316741000000                         00000004643201000000DM 00000000000000000000 01061010181000100918                    101018000000000349034109440011010180000250000000000000000000000000000000000000000000000000000000000000000000000000003490000000000000000000000000000000000000000000000000000010000000000000          7097303700034300000000000000000000000000000000000000000008
1022542123500018830940000316741000000                         00000003815001000000DM 00000000000000000000 01060910180010141018                    201018000000000374010400970010910180000250000000000000000000000000000000000000000000000000000000000000000000000000003740000000000000000000000000000000000000000000000000000010000000000000          0005764752663400000000000000000000000000000000000000000009
1022542123500018830940000316741000000                         00000003959601000000DM 00000000000000000000 01061010180026651018                    101018000000000374034109440011010180000250000000000000000000000000000000000000000000000000000000000000000000000000003740000000000000000000000000000000000000000000000000000010000000000000          0000694769266000000000000000000000000000000000000000000010
1022542123500018830940000316741000000                         00000004644001000000DM 00000000000000000000 01061010181000120918                    101018000000000698000142020011010180000250000000000000000000000000000000000000000000000000000000000000000000000000006980000000000000000000000000000000000000000000000000000010000000000000          7097216100012200000000000000000000000000000000000000000011
1022542123500018830940000316741000000                         00000003319001000000DM 00000000000000000000 01061010180013271018                    101018000000000324010400970011010180000250000000000000000000000000000000000000000000000000000000000000000000000000003240000000000000000000000000000000000000000000000000000010000000000000          0005974586069700000000000000000000000000000000000000000012
1022542123500018830940000316741000000                         00000003403501000000DM 00000000000000000000 01060910180017831018                    101018000000000324075630940010910180000250000000000000000000000000000000000000000000000000000000000000000000000000003240000000000000000000000000000000000000000000000000000010000000000000          0007674540669100000000000000000000000000000000000000000013
1022542123500018830940000316741000000                         00000004259201000000DM 00000000000000000000 01060910180029061018                    101018000000000374010400970010910180000250000000000000000000000000000000000000000000000000000000000000000000000000003740000000000000000000000000000000000000000000000000000010000000000000          0007331229087200000000000000000000000000000000000000000014
1022542123500018830940000316741000000                         00000004642501000000DM 00000000000000000000 01061010181000070918                    101018000000001817034109440011010180000250000000000000000000000000000000000000000000000000000000000000000000000000018170000000000000000000000000000000000000000000000000000010000000000000          7097303700069600000000000000000000000000000000000000000015
1022542123500018830940000316741000000                         00000004645701000000DM 00000000000000000000 01061010181000150918                    101018000000000349034109440011010180000250000000000000000000000000000000000000000000000000000000000000000000000000003490000000000000000000000000000000000000000000000000000010000000000000          7097303700093900000000000000000000000000000000000000000016
1022542123500018830940000316741000000                         00000002859501000000DM 00000000000000000000 01061010180004141018                    101018000000000374003334670011010180000250000000000000000000000000000000000000000000000000000000000000000000000000003740000000000000000000000000000000000000000000000000000010000000000000          0000303613564200000000000000000000000000000000000000000017
1022542123500018830940000316741000000                         00000002871401000000DM 00000000000000000000 01061010180004221018                    101018000000000324010400970011010180000250000000000000000000000000000000000000000000000000000000000000000000000000003240000000000000000000000000000000000000000000000000000010000000000000          0007415855469100000000000000000000000000000000000000000018
1022542123500018830940000316741000000                         00000003151301000000DM 00000000000000000000 01061010180005931018                    101018000000000324010400970011010180000250000000000000000000000000000000000000000000000000000000000000000000000000003240000000000000000000000000000000000000000000000000000010000000000000          0003023575860400000000000000000000000000000000000000000019
1022542123500018830940000316741000000                         00000003726001000000DM 00000000000000000000 01060910180029221018                    101018000000000374000102100010910180000250000000000000000000000000000000000000000000000000000000000000000000000000003740000000000000000000000000000000000000000000000000000010000000000000          0005554795862000000000000000000000000000000000000000000020
9027563094SICOOB CREDIARA          RUA MARIA RITA DE AGUIAR                          CENTRO                        38183236ARAXÁ                         MG151020180000001900000000113                                                                                                                                                                                                                    000021
