02RETORNO01COBRANÇA       30940000327964316741J REZENDE                     756 - BANCOOB S/A 2310180000262                                                                                                                                                                                                                                                                                               000001
1022542123500018830940000316741000000                         00000003169501000000DM 00000000000000000000 01091810180025800418                    200418000000000374075630940011810180000100000000000000000000000000000000000000000000000000000000000000000000000000003740000000000000000000000000000000000000000000000000000010000000000000          0007188615063000000000000000000000000000000000000000000002
1022542123500018830940000316741000000                         00000003373901000000DM 00000000000000000000 01091810180024540418                    200418000000000374075630940011810180000100000000000000000000000000000000000000000000000000000000000000000000000000003740000000000000000000000000000000000000000000000000000010000000000000          0000847276465600000000000000000000000000000000000000000003
9027563094SICOOB CREDIARA          RUA MARIA RITA DE AGUIAR                          CENTRO                        38183236ARAXÁ                         MG231020180000000200000000113                                                                                                                                                                                                                    000004
