02RETORNO01COBRANÇA       30940000327964316741J REZENDE                     756 - BANCOOB S/A 2310180000263                                                                                                                                                                                                                                                                                               000001
1022542123500018830940000316741000000                         00000003128301000000DM 00000000000000000000 01061510180005191118                    101118000000000324010400970011510180000250000000000000000000000000000000000000000000000000000000000000000000000000003240000000000000000000000000000000000000000000000000000010000000000000          0007188477760000000000000000000000000000000000000000000002
9027563094SICOOB CREDIARA          RUA MARIA RITA DE AGUIAR                          CENTRO                        38183236ARAXÁ                         MG231020180000000100000000113                                                                                                                                                                                                                    000003
