02RETORNO01COBRANÇA       30940000327964316741J REZENDE                     756 - BANCOOB S/A 0910180000260                                                                                                                                                                                                                                                                                               000001
1022542123500018830940000316741000000                         00000002977001000000DM 00000000000000000000 01090810180004730418                    100418000000000324075630940010810180000100000000000000000000000000000000000000000000000000000000000000000000000000003240000000000000000000000000000000000000000000000000000010000000000000          0004063987868700000000000000000000000000000000000000000002
1022542123500018830940000316741000000                         00000002989801000000DM 00000000000000000000 01090810180006790418                    100418000000000374075630940010810180000100000000000000000000000000000000000000000000000000000000000000000000000000003740000000000000000000000000000000000000000000000000000010000000000000          0003619380163400000000000000000000000000000000000000000003
1022542123500018830940000316741000000                         00000003115801000000DM 00000000000000000000 01060810180005351018                    101018000000000324010400970010810180000250000000000000000000000000000000000000000000000000000000000000000000000000003240000000000000000000000000000000000000000000000000000010000000000000          0000659773163800000000000000000000000000000000000000000004
1022542123500018830940000316741000000                         00000002763301000000DM 00000000000000000000 01060810180000411018                    101018000000000324010400970010810180000250000000000000000000000000000000000000000000000000000000000000000000000000003240000000000000000000000000000000000000000000000000000010000000000000          0000565324365500000000000000000000000000000000000000000005
1022542123500018830940000316741000000                         00000003385701000000DM 00000000000000000000 01090810180024730418                    100418000000000374075630940010810180000100000000000000000000000000000000000000000000000000000000000000000000000000003740000000000000000000000000000000000000000000000000000010000000000000          0001603579869100000000000000000000000000000000000000000006
1022542123500018830940000316741000000                         00000003528001000000DM 00000000000000000000 01090810180022630418                    100418000000000324075630940010810180000100000000000000000000000000000000000000000000000000000000000000000000000000003240000000000000000000000000000000000000000000000000000010000000000000          0002485828563400000000000000000000000000000000000000000007
1022542123500018830940000316741000000                         00000003546301000000DM 00000000000000000000 01060810180022661018                    101018000000000374010400970010810180000250000000000000000000000000000000000000000000000000000000000000000000000000003740000000000000000000000000000000000000000000000000000010000000000000          0004170441060600000000000000000000000000000000000000000008
1022542123500018830940000316741000000                         00000003618901000000DM 00000000000000000000 01060810180028151018                    101018000000000374010400970010810180000250000000000000000000000000000000000000000000000000000000000000000000000000003740000000000000000000000000000000000000000000000000000010000000000000          0001026372666500000000000000000000000000000000000000000009
1022542123500018830940000316741000000                         00000004565201000000DM 00000000000000000000 01090810180025180418                    100418000000002374075630940010810180000100000000000000000000000000000000000000000000000000000000000000000000000000023740000000000000000000000000000000000000000000000000000010000000000000          0000431558264600000000000000000000000000000000000000000010
1022542123500018830940000316741000000                         00000003481001000000DM 00000000000000000000 01090810180017120418                    100418000000000324075630940010810180000100000000000000000000000000000000000000000000000000000000000000000000000000003240000000000000000000000000000000000000000000000000000010000000000000          0006761282268700000000000000000000000000000000000000000011
1022542123500018830940000316741000000                         00000003103001000000DM 00000000000000000000 01060810180009011018                    101018000000000324010400970010810180000250000000000000000000000000000000000000000000000000000000000000000000000000003240000000000000000000000000000000000000000000000000000010000000000000          0009470166060400000000000000000000000000000000000000000012
1022542123500018830940000316741000000                         00000003217401000000DM 00000000000000000000 01090810180010200418                    100418000000000374075630940010810180000100000000000000000000000000000000000000000000000000000000000000000000000000003740000000000000000000000000000000000000000000000000000010000000000000          0003616071763400000000000000000000000000000000000000000013
1022542123500018830940000316741000000                         00000003797201000000DM 00000000000000000000 01090810180030640418                    100418000000000374075630940010810180000100000000000000000000000000000000000000000000000000000000000000000000000000003740000000000000000000000000000000000000000000000000000010000000000000          0000507097947700000000000000000000000000000000000000000014
1022542123500018830940000316741000000                         00000003845101000000DM 00000000000000000000 01090810180030290418                    100418000000000374075630940010810180000100000000000000000000000000000000000000000000000000000000000000000000000000003740000000000000000000000000000000000000000000000000000010000000000000          0001252081260500000000000000000000000000000000000000000015
1022542123500018830940000316741000000                         00000003917701000000DM 00000000000000000000 01090810180025960418                    100418000000000374075630940010810180000100000000000000000000000000000000000000000000000000000000000000000000000000003740000000000000000000000000000000000000000000000000000010000000000000          0009277829168700000000000000000000000000000000000000000016
1022542123500018830940000316741000000                         00000003989701000000DM 00000000000000000000 01090810180026750418                    100418000000000374075630940010810180000100000000000000000000000000000000000000000000000000000000000000000000000000003740000000000000000000000000000000000000000000000000000010000000000000          0001130201368800000000000000000000000000000000000000000017
1022542123500018830940000316741000000                         00000002929601000000DM 00000000000000000000 01090810180001270418                    100418000000000324075630940010810180000100000000000000000000000000000000000000000000000000000000000000000000000000003240000000000000000000000000000000000000000000000000000010000000000000          0000557190363500000000000000000000000000000000000000000018
1022542123500018830940000316741000000                         00000003409901000000DM 00000000000000000000 01090810180025830418                    100418000000000374075630940010810180000100000000000000000000000000000000000000000000000000000000000000000000000000003740000000000000000000000000000000000000000000000000000010000000000000          0000512870969800000000000000000000000000000000000000000019
1022542123500018830940000316741000000                         00000003475501000000DM 00000000000000000000 01060810180016361018                    101018000000000374010400970010810180000250000000000000000000000000000000000000000000000000000000000000000000000000003740000000000000000000000000000000000000000000000000000010000000000000          0004340692069100000000000000000000000000000000000000000020
1022542123500018830940000316741000000                         00000003702301000000DM 00000000000000000000 01060810180029011018                    101018000000000374010400970010810180000250000000000000000000000000000000000000000000000000000000000000000000000000003740000000000000000000000000000000000000000000000000000010000000000000          0002483652468700000000000000000000000000000000000000000021
1022542123500018830940000316741000000                         00000004277501000000DM 00000000000000000000 01090810180030620418                    100418000000000374075630940010810180000100000000000000000000000000000000000000000000000000000000000000000000000000003740000000000000000000000000000000000000000000000000000010000000000000          0001347627260500000000000000000000000000000000000000000022
1022542123500018830940000316741000000                         00000004013001000000DM 00000000000000000000 01090810180027000418                    100418000000000374075630940010810180000100000000000000000000000000000000000000000000000000000000000000000000000000003740000000000000000000000000000000000000000000000000000010000000000000          0000487456467400000000000000000000000000000000000000000023
1022542123500018830940000316741000000                         00000004139301000000DM 00000000000000000000 01060810180027501018                    101018000000000374010400970010810180000250000000000000000000000000000000000000000000000000000000000000000000000000003740000000000000000000000000000000000000000000000000000010000000000000          0000282899960200000000000000000000000000000000000000000024
1022542123500018830940000316741000000                         00000004450001000000DM 00000000000000000000 01090810180017950418                    100418000000000324075630940010810180000100000000000000000000000000000000000000000000000000000000000000000000000000003240000000000000000000000000000000000000000000000000000010000000000000          0000027258068600000000000000000000000000000000000000000025
1022542123500018830940000316741000000                         00000002847701000000DM 00000000000000000000 01060810180004111018                    101018000000000374010400970010810180000250000000000000000000000000000000000000000000000000000000000000000000000000003740000000000000000000000000000000000000000000000000000010000000000000          0007246051260000000000000000000000000000000000000000000026
1022542123500018830940000316741000000                         00000002941501000000DM 00000000000000000000 01090810180004600418                    100418000000000324075630940010810180000100000000000000000000000000000000000000000000000000000000000000000000000000003240000000000000000000000000000000000000000000000000000010000000000000          0004085395076800000000000000000000000000000000000000000027
1022542123500018830940000316741000000                         00000003055001000000DM 00000000000000000000 01060810180008411018                    101018000000000324010400970010810180000250000000000000000000000000000000000000000000000000000000000000000000000000003240000000000000000000000000000000000000000000000000000010000000000000          0004459589168700000000000000000000000000000000000000000028
1022542123500018830940000316741000000                         00000003073301000000DM 00000000000000000000 01090810180008470418                    100418000000000374075630940010810180000100000000000000000000000000000000000000000000000000000000000000000000000000003740000000000000000000000000000000000000000000000000000010000000000000          0000150671660100000000000000000000000000000000000000000029
1022542123500018830940000316741000000                         00000002799801000000DM 00000000000000000000 01060810180002471018                    101018000000000324010400970010810180000250000000000000000000000000000000000000000000000000000000000000000000000000003240000000000000000000000000000000000000000000000000000010000000000000          0000356167569700000000000000000000000000000000000000000030
1022542123500018830940000316741000000                         00000003552801000000DM 00000000000000000000 01090810180022690418                    100418000000000374075630940010810180000100000000000000000000000000000000000000000000000000000000000000000000000000003740000000000000000000000000000000000000000000000000000010000000000000          0006307307269100000000000000000000000000000000000000000031
1022542123500018830940000316741000000                         00000003588201000000DM 00000000000000000000 01090810180023390418                    100418000000000374075630940010810180000100000000000000000000000000000000000000000000000000000000000000000000000000003740000000000000000000000000000000000000000000000000000010000000000000          0003615945069700000000000000000000000000000000000000000032
1022542123500018830940000316741000000                         00000003708701000000DM 00000000000000000000 01090810180029160418                    100418000000000374075630940010810180000100000000000000000000000000000000000000000000000000000000000000000000000000003740000000000000000000000000000000000000000000000000000010000000000000          0001248442318700000000000000000000000000000000000000000033
1022542123500018830940000316741000000                         00000004037701000000DM 00000000000000000000 01090810180014420418                    100418000000000324075630940010810180000100000000000000000000000000000000000000000000000000000000000000000000000000003240000000000000000000000000000000000000000000000000000010000000000000          0000534757766500000000000000000000000000000000000000000034
1022542123500018830940000316741000000                         00000004103901000000DM 00000000000000000000 01060810180014951018                    101018000000000324010400970010810180000250000000000000000000000000000000000000000000000000000000000000000000000000003240000000000000000000000000000000000000000000000000000010000000000000          0000136752462800000000000000000000000000000000000000000035
1022542123500018830940000316741000000                         00000004556601000000DM 00000000000000000000 01090810180016380418                    100418000000000324075630940010810180000100000000000000000000000000000000000000000000000000000000000000000000000000003240000000000000000000000000000000000000000000000000000010000000000000          0004897108160000000000000000000000000000000000000000000036
1022542123500018830940000316741000000                         00000003445401000000DM 00000000000000000000 01090810180015840418                    100418000000000324075630940010810180000100000000000000000000000000000000000000000000000000000000000000000000000000003240000000000000000000000000000000000000000000000000000010000000000000          0006872201061000000000000000000000000000000000000000000037
1022542123500018830940000316741000000                         00000003499101000000DM 00000000000000000000 01060810180017221018                    101018000000000324063400190010810180000250000000000000000000000000000000000000000000000000000000000000000000000000003240000000000000000000000000000000000000000000000000000010000000000000          0000326379860000000000000000000000000000000000000000000038
1022542123500018830940000316741000000                         00000003785401000000DM 00000000000000000000 01090810180029770418                    100418000000000374075630940010810180000100000000000000000000000000000000000000000000000000000000000000000000000000003740000000000000000000000000000000000000000000000000000010000000000000          0006219557360000000000000000000000000000000000000000000039
1022542123500018830940000316741000000                         00000004229101000000DM 00000000000000000000 01090810180030460418                    100418000000000374075630940010810180000100000000000000000000000000000000000000000000000000000000000000000000000000003740000000000000000000000000000000000000000000000000000010000000000000          0000149822561600000000000000000000000000000000000000000040
1022542123500018830940000316741000000                         00000003839701000000DM 00000000000000000000 01060810180030141018                    101018000000000374075630940010810180000250000000000000000000000000000000000000000000000000000000000000000000000000003740000000000000000000000000000000000000000000000000000010000000000000          0000506908968400000000000000000000000000000000000000000041
1022542123500018830940000316741000000                         00000003905901000000DM 00000000000000000000 01090810180025530418                    100418000000000374075630940010810180000100000000000000000000000000000000000000000000000000000000000000000000000000003740000000000000000000000000000000000000000000000000000010000000000000          0000588234869200000000000000000000000000000000000000000042
1022542123500018830940000316741000000                         00000004193101000000DM 00000000000000000000 01090810180030420418                    100418000000000374075630940010810180000100000000000000000000000000000000000000000000000000000000000000000000000000003740000000000000000000000000000000000000000000000000000010000000000000          0001076302165200000000000000000000000000000000000000000043
1022542123500018830940000316741000000                         00000004385601000000DM 00000000000000000000 01090810180030440418                    100418000000000374075630940010810180000100000000000000000000000000000000000000000000000000000000000000000000000000003740000000000000000000000000000000000000000000000000000010000000000000          0000119164868000000000000000000000000000000000000000000044
1022542123500018830940000316741000000                         00000004464301000000DM 00000000000000000000 01090810180030670418                    100418000000000374075630940010810180000100000000000000000000000000000000000000000000000000000000000000000000000000003740000000000000000000000000000000000000000000000000000010000000000000          0004937862766800000000000000000000000000000000000000000045
1022542123500018830940000316741000000                         00000004584201000000DM 00000000000000000000 01090810181000180318                    100418000000005914575630940010810180000100000000000000000000000000000000000000000000000000000000000000000000000000059145000000000000000000000000000000000000000000000000000010000000000000          1823706600016500000000000000000000000000000000000000000046
1022542123500018830940000316741000000                         00000004587401000000DM 00000000000000000000 01090810181000110318                    100418000000001749075630940010810180000100000000000000000000000000000000000000000000000000000000000000000000000000017490000000000000000000000000000000000000000000000000000010000000000000          3874637600038400000000000000000000000000000000000000000047
1022542123500018830940000316741000000                         00000003349101000000DM 00000000000000000000 01090810180024350418                    100418000000000324075630940010810180000100000000000000000000000000000000000000000000000000000000000000000000000000003240000000000000000000000000000000000000000000000000000010000000000000          0008566563069100000000000000000000000000000000000000000048
1022542123500018830940000316741000000                         00000003367401000000DM 00000000000000000000 01060810180024531018                    101018000000000374010400970010810180000250000000000000000000000000000000000000000000000000000000000000000000000000003740000000000000000000000000000000000000000000000000000010000000000000          0003607094764900000000000000000000000000000000000000000049
1022542123500018830940000316741000000                         00000004181301000000DM 00000000000000000000 01090810180026730418                    100418000000000374075630940010810180000100000000000000000000000000000000000000000000000000000000000000000000000000003740000000000000000000000000000000000000000000000000000010000000000000          0000945536569300000000000000000000000000000000000000000050
1022542123500018830940000316741000000                         00000004204801000000DM 00000000000000000000 01090810180030430418                    100418000000000374075630940010810180000100000000000000000000000000000000000000000000000000000000000000000000000000003740000000000000000000000000000000000000000000000000000010000000000000          0000394635469600000000000000000000000000000000000000000051
1022542123500018830940000316741000000                         00000004503601000000DM 00000000000000000000 01060810180030681018                    101018000000000374010400970010810180000250000000000000000000000000000000000000000000000000000000000000000000000000003740000000000000000000000000000000000000000000000000000010000000000000          0000377887650300000000000000000000000000000000000000000052
1022542123500018830940000316741000000                         00000004521901000000DM 00000000000000000000 01090810180025540418                    100418000000000349075630940010810180000100000000000000000000000000000000000000000000000000000000000000000000000000003490000000000000000000000000000000000000000000000000000010000000000000          0006612599561500000000000000000000000000000000000000000053
1022542123500018830940000316741000000                         00000002877801000000DM 00000000000000000000 01090810180004230418                    100418000000000324075630940010810180000100000000000000000000000000000000000000000000000000000000000000000000000000003240000000000000000000000000000000000000000000000000000010000000000000          0005724833867200000000000000000000000000000000000000000054
1022542123500018830940000316741000000                         00000002907401000000DM 00000000000000000000 01060810180004531018                    101018000000000374010400970010810180000250000000000000000000000000000000000000000000000000000000000000000000000000003740000000000000000000000000000000000000000000000000000010000000000000          0000786278560600000000000000000000000000000000000000000055
1022542123500018830940000316741000000                         00000003013101000000DM 00000000000000000000 01090810180007430418                    100418000000000324075630940010810180000100000000000000000000000000000000000000000000000000000000000000000000000000003240000000000000000000000000000000000000000000000000000010000000000000          0000653259166100000000000000000000000000000000000000000056
1022542123500018830940000316741000000                         00000003085101000000DM 00000000000000000000 01090810180008690418                    100418000000000324075630940010810180000100000000000000000000000000000000000000000000000000000000000000000000000000003240000000000000000000000000000000000000000000000000000010000000000000          0000027442861000000000000000000000000000000000000000000057
1022542123500018830940000316741000000                         00000003133001000000DM 00000000000000000000 01090810180005450418                    100418000000000324075630940010810180000100000000000000000000000000000000000000000000000000000000000000000000000000003240000000000000000000000000000000000000000000000000000010000000000000          0003013578866800000000000000000000000000000000000000000058
1022542123500018830940000316741000000                         00000003576401000000DM 00000000000000000000 01090810180023040418                    100418000000000374075630940010810180000100000000000000000000000000000000000000000000000000000000000000000000000000003740000000000000000000000000000000000000000000000000000010000000000000          0004225353567200000000000000000000000000000000000000000059
1022542123500018830940000316741000000                         00000003821501000000DM 00000000000000000000 01090810180030110418                    100418000000000374075630940010810180000100000000000000000000000000000000000000000000000000000000000000000000000000003740000000000000000000000000000000000000000000000000000010000000000000          0001104048469700000000000000000000000000000000000000000060
1022542123500018830940000316741000000                         00000003893501000000DM 00000000000000000000 01090810180025420418                    100418000000000374075630940010810180000100000000000000000000000000000000000000000000000000000000000000000000000000003740000000000000000000000000000000000000000000000000000010000000000000          0002891803760000000000000000000000000000000000000000000061
1022542123500018830940000316741000000                         00000003941401000000DM 00000000000000000000 01090810180026060418                    100418000000000374075630940010810180000100000000000000000000000000000000000000000000000000000000000000000000000000003740000000000000000000000000000000000000000000000000000010000000000000          0004341197568700000000000000000000000000000000000000000062
1022542123500018830940000316741000000                         00000004475401000000DM 00000000000000000000 01090810180030660418                    100418000000000324075630940010810180000100000000000000000000000000000000000000000000000000000000000000000000000000003240000000000000000000000000000000000000000000000000000010000000000000          0000927428865400000000000000000000000000000000000000000063
1022542123500018830940000316741000000                         00000002971601000000DM 00000000000000000000 01060810180004351018                    101018000000000324034109440010810180000250000000000000000000000000000000000000000000000000000000000000000000000000003240000000000000000000000000000000000000000000000000000010000000000000          0001514063611500000000000000000000000000000000000000000064
1022542123500018830940000316741000000                         00000004265701000000DM 00000000000000000000 01090810180030590418                    100418000000000374075630940010810180000100000000000000000000000000000000000000000000000000000000000000000000000000003740000000000000000000000000000000000000000000000000000010000000000000          0002738312160000000000000000000000000000000000000000000065
1022542123500018830940000316741000000                         00000003397501000000DM 00000000000000000000 01090810180017830418                    100418000000000324075630940010810180000100000000000000000000000000000000000000000000000000000000000000000000000000003240000000000000000000000000000000000000000000000000000010000000000000          0007674540669100000000000000000000000000000000000000000066
1022542123500018830940000316741000000                         00000003678001000000DM 00000000000000000000 01060810180028891018                    101018000000000374010400970010810180000250000000000000000000000000000000000000000000000000000000000000000000000000003740000000000000000000000000000000000000000000000000000010000000000000          0000564891363000000000000000000000000000000000000000000067
1022542123500018830940000316741000000                         00000003768901000000DM 00000000000000000000 01090810180029710418                    100418000000000374075630940010810180000100000000000000000000000000000000000000000000000000000000000000000000000000003740000000000000000000000000000000000000000000000000000010000000000000          0002729840060600000000000000000000000000000000000000000068
1022542123500018830940000316741000000                         00000004091501000000DM 00000000000000000000 01060810180014701018                    101018000000000324010400970010810180000250000000000000000000000000000000000000000000000000000000000000000000000000003240000000000000000000000000000000000000000000000000000010000000000000          0008318973461500000000000000000000000000000000000000000069
1022542123500018830940000316741000000                         00000004145801000000DM 00000000000000000000 01090810180025310418                    100418000000000374075630940010810180000100000000000000000000000000000000000000000000000000000000000000000000000000003740000000000000000000000000000000000000000000000000000010000000000000          0000797618260900000000000000000000000000000000000000000070
1022542123500018830940000316741000000                         00000004582801000000DM 00000000000000000000 01090810181000110318                    100418000000001774075630940010810180000100000000000000000000000000000000000000000000000000000000000000000000000000017740000000000000000000000000000000000000000000000000000010000000000000          3874637600038400000000000000000000000000000000000000000071
9027563094SICOOB CREDIARA          RUA MARIA RITA DE AGUIAR                          CENTRO                        38183236ARAXÁ                         MG091020180000007000000000113                                                                                                                                                                                                                    000072
