02RETORNO01COBRANÇA       30940000327964316741J REZENDE                     756 - BANCOOB S/A 2909180000258                                                                                                                                                                                                                                                                                               000001
1022542123500018830940000316741000000                         00000003235701000000DM 00000000000000000000 01062809180010211018                    101018000000000324010400970012809180000250000000000000000000000000000000000000000000000000000000000000000000000000003240000000000000000000000000000000000000000000000000000010000000000000          0007187518269100000000000000000000000000000000000000000002
1022542123500018830940000316741000000                         00000004031301000000DM 00000000000000000000 01062809180027131018                    101018000000000374010400970012809180000250000000000000000000000000000000000000000000000000000000000000000000000000003740000000000000000000000000000000000000000000000000000010000000000000          0009652261564900000000000000000000000000000000000000000003
1022542123500018830940000316741000000                         00000003439001000000DM 00000000000000000000 01062809180015741018                    101018000000000324010400970012809180000250000000000000000000000000000000000000000000000000000000000000000000000000003240000000000000000000000000000000000000000000000000000010000000000000          0004684573966800000000000000000000000000000000000000000004
9027563094SICOOB CREDIARA          RUA MARIA RITA DE AGUIAR                          CENTRO                        38183236ARAXÁ                         MG091020180000000300000000113                                                                                                                                                                                                                    000005
