02RETORNO01COBRANÇA       30940000327964316741J REZENDE                     756 - BANCOOB S/A 0205190000305                                                                                                                                                                                                                                                                                               000001
1022542123500018830940000316741000000                         00000005525701000000DM 00000000000000000000 01063004190027130519                    100519000000000374010400970013004190000250000000000000000000000000000000000000000000000000000000000000000000000000003740000000000000000000000000000000000000000000000000000010000000000000          0009652261564900000000000000000000000000000000000000000002
9027563094SICOOB CREDIARA          RUA MARIA RITA DE AGUIAR                          CENTRO                        38183236ARAXÁ                         MG020520190000000100000000113                                                                                                                                                                                                                    000003
