02RETORNO01COBRANÇA       30940000327964316741J REZENDE                     756 - BANCOOB S/A 1405190000306                                                                                                                                                                                                                                                                                               000001
1022542123500018830940000316741000000                         00000004756001000000DM 00000000000000000000 01060605190004220519                    100519000000000324010400970010605190000250000000000000000000000000000000000000000000000000000000000000000000000000003240000000000000000000000000000000000000000000000000000010000000000000          0007415855469100000000000000000000000000000000000000000002
1022542123500018830940000316741000000                         00000005165401000000DM 00000000000000000000 01060305190014580519                    100519000000000324010400970010305190000250000000000000000000000000000000000000000000000000000000000000000000000000003240000000000000000000000000000000000000000000000000000010000000000000          0002361630010000000000000000000000000000000000000000000003
1022542123500018830940000316741000000                         00000005284601000000DM 00000000000000000000 01060605190017830419                    100419000000000324075630940010605190000250000000000000000000000000000000000000000000000000000000000000000000000000003271000000000003100000000000000000000000000000000000000010000000000000          0007674540669100000000000000000000000000000000000000000004
1022542123500018830940000316741000000                         00000005489601000000DM 00000000000000000000 01060305190026740519                    100519000000000374023716910010305190000250000000000000000000000000000000000000000000000000000000000000000000000000003740000000000000000000000000000000000000000000000000000010000000000000          0000954360460600000000000000000000000000000000000000000005
1022542123500018830940000316741000000                         00000005008201000000DM 00000000000000000000 01060205190010210519                    100519000000000324010400970010205190000250000000000000000000000000000000000000000000000000000000000000000000000000003240000000000000000000000000000000000000000000000000000010000000000000          0007187518269100000000000000000000000000000000000000000006
1022542123500018830940000316741000000                         00000005080301000000DM 00000000000000000000 01060205190011610519                    100519000000000324010400970010205190000250000000000000000000000000000000000000000000000000000000000000000000000000003240000000000000000000000000000000000000000000000000000010000000000000          0004342743060000000000000000000000000000000000000000000007
1022542123500018830940000316741000000                         00000005285301000000DM 00000000000000000000 01060605190017830519                    100519000000000324075630940010605190000250000000000000000000000000000000000000000000000000000000000000000000000000003240000000000000000000000000000000000000000000000000000010000000000000          0007674540669100000000000000000000000000000000000000000008
1022542123500018830940000316741000000                         00000004660801000000DM 00000000000000000000 01060605190000410519                    100519000000000324010400970010605190000250000000000000000000000000000000000000000000000000000000000000000000000000003240000000000000000000000000000000000000000000000000000010000000000000          0000565324365500000000000000000000000000000000000000000009
1022542123500018830940000316741000000                         00000005585901000000DM 00000000000000000000 01060305190028820519                    100519000000000374010400970010305190000250000000000000000000000000000000000000000000000000000000000000000000000000003740000000000000000000000000000000000000000000000000000010000000000000          0002486093060600000000000000000000000000000000000000000010
1022542123500018830940000316741000000                         00000004912001000000DM 00000000000000000000 01060605190008390519                    100519000000000324010400970010605190000250000000000000000000000000000000000000000000000000000000000000000000000000003240000000000000000000000000000000000000000000000000000010000000000000          0004904386264900000000000000000000000000000000000000000011
9027563094SICOOB CREDIARA          RUA MARIA RITA DE AGUIAR                          CENTRO                        38183236ARAXÁ                         MG140520190000001000000000113                                                                                                                                                                                                                    000012
