02RETORNO01COBRANÇA       30940000327964316741J REZENDE                     756 - BANCOOB S/A 1405190000307                                                                                                                                                                                                                                                                                               000001
1022542123500018830940000316741000000                         00000003631501000000DM 00000000000000000000 01091005190027571118                    101118000000000374075630940011005190000100000000000000000000000000000000000000000000000000000000000000000000000000003740000000000000000000000000000000000000000000000000000010000000000000          0000699499364700000000000000000000000000000000000000000002
1022542123500018830940000316741000000                         00000003804001000000DM 00000000000000000000 01091005190030641118                    101118000000000374075630940011005190000100000000000000000000000000000000000000000000000000000000000000000000000000003740000000000000000000000000000000000000000000000000000010000000000000          0000507097947700000000000000000000000000000000000000000003
1022542123500018830940000316741000000                         00000003912001000000DM 00000000000000000000 01091005190025531118                    101118000000000374075630940011005190000100000000000000000000000000000000000000000000000000000000000000000000000000003740000000000000000000000000000000000000000000000000000010000000000000          0000588234869200000000000000000000000000000000000000000004
1022542123500018830940000316741000000                         00000003020301000000DM 00000000000000000000 01091005190007431118                    101118000000000324075630940011005190000100000000000000000000000000000000000000000000000000000000000000000000000000003240000000000000000000000000000000000000000000000000000010000000000000          0000653259166100000000000000000000000000000000000000000005
1022542123500018830940000316741000000                         00000003104701000000DM 00000000000000000000 01091005190009011118                    101118000000000324075630940011005190000100000000000000000000000000000000000000000000000000000000000000000000000000003240000000000000000000000000000000000000000000000000000010000000000000          0009470166060400000000000000000000000000000000000000000006
1022542123500018830940000316741000000                         00000003416001000000DM 00000000000000000000 01091005190025831118                    101118000000000374075630940011005190000100000000000000000000000000000000000000000000000000000000000000000000000000003740000000000000000000000000000000000000000000000000000010000000000000          0000512870969800000000000000000000000000000000000000000007
1022542123500018830940000316741000000                         00000002984101000000DM 00000000000000000000 01091005190004731118                    101118000000000324075630940011005190000100000000000000000000000000000000000000000000000000000000000000000000000000003240000000000000000000000000000000000000000000000000000010000000000000          0004063987868700000000000000000000000000000000000000000008
1022542123500018830940000316741000000                         00000002996001000000DM 00000000000000000000 01091005190006791118                    101118000000000374075630940011005190000100000000000000000000000000000000000000000000000000000000000000000000000000003740000000000000000000000000000000000000000000000000000010000000000000          0003619380163400000000000000000000000000000000000000000009
1022542123500018830940000316741000000                         00000002824801000000DM 00000000000000000000 01091005190003301118                    101118000000000324075630940011005190000100000000000000000000000000000000000000000000000000000000000000000000000000003240000000000000000000000000000000000000000000000000000010000000000000          0000916024261200000000000000000000000000000000000000000010
1022542123500018830940000316741000000                         00000003092301000000DM 00000000000000000000 01091005190008691118                    101118000000000324075630940011005190000100000000000000000000000000000000000000000000000000000000000000000000000000003240000000000000000000000000000000000000000000000000000010000000000000          0000027442861000000000000000000000000000000000000000000011
1022542123500018830940000316741000000                         00000003140201000000DM 00000000000000000000 01091005190005451118                    101118000000000324075630940011005190000100000000000000000000000000000000000000000000000000000000000000000000000000003240000000000000000000000000000000000000000000000000000010000000000000          0003013578866800000000000000000000000000000000000000000012
1022542123500018830940000316741000000                         00000003792601000000DM 00000000000000000000 01091005190029771118                    101118000000000374075630940011005190000100000000000000000000000000000000000000000000000000000000000000000000000000003740000000000000000000000000000000000000000000000000000010000000000000          0006219557360000000000000000000000000000000000000000000013
1022542123500018830940000316741000000                         00000003828601000000DM 00000000000000000000 01091005190030111118                    101118000000000374075630940011005190000100000000000000000000000000000000000000000000000000000000000000000000000000003740000000000000000000000000000000000000000000000000000010000000000000          0001104048469700000000000000000000000000000000000000000014
1022542123500018830940000316741000000                         00000003080501000000DM 00000000000000000000 01091005190008471118                    101118000000000374075630940011005190000100000000000000000000000000000000000000000000000000000000000000000000000000003740000000000000000000000000000000000000000000000000000010000000000000          0000150671660100000000000000000000000000000000000000000015
1022542123500018830940000316741000000                         00000003272001000000DM 00000000000000000000 01091005190011391118                    101118000000000324075630940011005190000100000000000000000000000000000000000000000000000000000000000000000000000000003240000000000000000000000000000000000000000000000000000010000000000000          0009651106069100000000000000000000000000000000000000000016
1022542123500018830940000316741000000                         00000003852301000000DM 00000000000000000000 01091005190030291118                    101118000000000374075630940011005190000100000000000000000000000000000000000000000000000000000000000000000000000000003740000000000000000000000000000000000000000000000000000010000000000000          0001252081260500000000000000000000000000000000000000000017
1022542123500018830940000316741000000                         00000003900201000000DM 00000000000000000000 01091005190025421118                    101118000000000374075630940011005190000100000000000000000000000000000000000000000000000000000000000000000000000000003740000000000000000000000000000000000000000000000000000010000000000000          0002891803760000000000000000000000000000000000000000000018
1022542123500018830940000316741000000                         00000003996901000000DM 00000000000000000000 01091005190026751118                    101118000000000374075630940011005190000100000000000000000000000000000000000000000000000000000000000000000000000000003740000000000000000000000000000000000000000000000000000010000000000000          0001130201368800000000000000000000000000000000000000000019
1022542123500018830940000316741000000                         00000002948601000000DM 00000000000000000000 01091005190004601118                    101118000000000324075630940011005190000100000000000000000000000000000000000000000000000000000000000000000000000000003240000000000000000000000000000000000000000000000000000010000000000000          0004085395076800000000000000000000000000000000000000000020
1022542123500018830940000316741000000                         00000003008401000000DM 00000000000000000000 01091005190007201118                    101118000000000324075630940011005190000100000000000000000000000000000000000000000000000000000000000000000000000000003240000000000000000000000000000000000000000000000000000010000000000000          0003609756063000000000000000000000000000000000000000000021
1022542123500018830940000316741000000                         00000004224501000000DM 00000000000000000000 01091005190004911118                    101118000000000324075630940011005190000100000000000000000000000000000000000000000000000000000000000000000000000000003240000000000000000000000000000000000000000000000000000010000000000000          0002624052160400000000000000000000000000000000000000000022
1022542123500018830940000316741000000                         00000003188501000000DM 00000000000000000000 01091005190009451118                    101118000000000324075630940011005190000100000000000000000000000000000000000000000000000000000000000000000000000000003240000000000000000000000000000000000000000000000000000010000000000000          0009277825960000000000000000000000000000000000000000000023
1022542123500018830940000316741000000                         00000003356301000000DM 00000000000000000000 01091005190024351118                    101118000000000324075630940011005190000100000000000000000000000000000000000000000000000000000000000000000000000000003240000000000000000000000000000000000000000000000000000010000000000000          0008566563069100000000000000000000000000000000000000000024
1022542123500018830940000316741000000                         00000003404201000000DM 00000000000000000000 01091005190017831118                    101118000000000324075630940011005190000100000000000000000000000000000000000000000000000000000000000000000000000000003240000000000000000000000000000000000000000000000000000010000000000000          0007674540669100000000000000000000000000000000000000000025
1022542123500018830940000316741000000                         00000003524101000000DM 00000000000000000000 01091005190017751118                    101118000000000324075630940011005190000100000000000000000000000000000000000000000000000000000000000000000000000000003240000000000000000000000000000000000000000000000000000010000000000000          0002729843469100000000000000000000000000000000000000000026
1022542123500018830940000316741000000                         00000002788701000000DM 00000000000000000000 01091005190001521118                    101118000000000324075630940011005190000100000000000000000000000000000000000000000000000000000000000000000000000000003240000000000000000000000000000000000000000000000000000010000000000000          0000719132169500000000000000000000000000000000000000000027
1022542123500018830940000316741000000                         00000002936801000000DM 00000000000000000000 01091005190001271118                    101118000000000324075630940011005190000100000000000000000000000000000000000000000000000000000000000000000000000000003240000000000000000000000000000000000000000000000000000010000000000000          0000557190363500000000000000000000000000000000000000000028
1022542123500018830940000316741000000                         00000003679801000000DM 00000000000000000000 01091005190028891118                    101118000000000374075630940011005190000100000000000000000000000000000000000000000000000000000000000000000000000000003740000000000000000000000000000000000000000000000000000010000000000000          0000564891363000000000000000000000000000000000000000000029
1022542123500018830940000316741000000                         00000003691701000000DM 00000000000000000000 01091005190028971118                    101118000000000374075630940011005190000100000000000000000000000000000000000000000000000000000000000000000000000000003740000000000000000000000000000000000000000000000000000010000000000000          0005968516666800000000000000000000000000000000000000000030
1022542123500018830940000316741000000                         00000003972201000000DM 00000000000000000000 01091005190026711118                    101118000000000374075630940011005190000100000000000000000000000000000000000000000000000000000000000000000000000000003740000000000000000000000000000000000000000000000000000010000000000000          0005764341515300000000000000000000000000000000000000000031
1022542123500018830940000316741000000                         00000004056701000000DM 00000000000000000000 01091005190014431118                    101118000000000324075630940011005190000100000000000000000000000000000000000000000000000000000000000000000000000000003240000000000000000000000000000000000000000000000000000010000000000000          0000696140365400000000000000000000000000000000000000000032
1022542123500018830940000316741000000                         00000004211001000000DM 00000000000000000000 01091005190030431118                    101118000000000374075630940011005190000100000000000000000000000000000000000000000000000000000000000000000000000000003740000000000000000000000000000000000000000000000000000010000000000000          0000394635469600000000000000000000000000000000000000000033
1022542123500018830940000316741000000                         00000003392901000000DM 00000000000000000000 01091005190024731118                    101118000000000374075630940011005190000100000000000000000000000000000000000000000000000000000000000000000000000000003740000000000000000000000000000000000000000000000000000010000000000000          0001603579869100000000000000000000000000000000000000000034
1022542123500018830940000316741000000                         00000003535201000000DM 00000000000000000000 01091005190022631118                    101118000000000324075630940011005190000100000000000000000000000000000000000000000000000000000000000000000000000000003240000000000000000000000000000000000000000000000000000010000000000000          0002485828563400000000000000000000000000000000000000000035
1022542123500018830940000316741000000                         00000003775001000000DM 00000000000000000000 01091005190029711118                    101118000000000374075630940011005190000100000000000000000000000000000000000000000000000000000000000000000000000000003740000000000000000000000000000000000000000000000000000010000000000000          0002729840060600000000000000000000000000000000000000000036
1022542123500018830940000316741000000                         00000002884001000000DM 00000000000000000000 01091005190004231118                    101118000000000324075630940011005190000100000000000000000000000000000000000000000000000000000000000000000000000000003240000000000000000000000000000000000000000000000000000010000000000000          0005724833867200000000000000000000000000000000000000000037
1022542123500018830940000316741000000                         00000003044001000000DM 00000000000000000000 01091005190004161118                    101118000000000324075630940011005190000100000000000000000000000000000000000000000000000000000000000000000000000000003240000000000000000000000000000000000000000000000000000010000000000000          0009147587261500000000000000000000000000000000000000000038
1022542123500018830940000316741000000                         00000003452601000000DM 00000000000000000000 01091005190015841118                    101118000000000324075630940011005190000100000000000000000000000000000000000000000000000000000000000000000000000000003240000000000000000000000000000000000000000000000000000010000000000000          0006872201061000000000000000000000000000000000000000000039
1022542123500018830940000316741000000                         00000004152001000000DM 00000000000000000000 01091005190025311118                    101118000000000374075630940011005190000100000000000000000000000000000000000000000000000000000000000000000000000000003740000000000000000000000000000000000000000000000000000010000000000000          0000797618260900000000000000000000000000000000000000000040
1022542123500018830940000316741000000                         00000004284701000000DM 00000000000000000000 01091005190030621118                    101118000000000374075630940011005190000100000000000000000000000000000000000000000000000000000000000000000000000000003740000000000000000000000000000000000000000000000000000010000000000000          0001347627260500000000000000000000000000000000000000000041
1022542123500018830940000316741000000                         00000003715901000000DM 00000000000000000000 01091005190029161118                    101118000000000374075630940011005190000100000000000000000000000000000000000000000000000000000000000000000000000000003740000000000000000000000000000000000000000000000000000010000000000000          0001248442318700000000000000000000000000000000000000000042
1022542123500018830940000316741000000                         00000003948501000000DM 00000000000000000000 01091005190026061118                    101118000000000374075630940011005190000100000000000000000000000000000000000000000000000000000000000000000000000000003740000000000000000000000000000000000000000000000000000010000000000000          0004341197568700000000000000000000000000000000000000000043
1022542123500018830940000316741000000                         00000004020201000000DM 00000000000000000000 01091005190027001118                    101118000000000374075630940011005190000100000000000000000000000000000000000000000000000000000000000000000000000000003740000000000000000000000000000000000000000000000000000010000000000000          0000487456467400000000000000000000000000000000000000000044
1022542123500018830940000316741000000                         00000004044901000000DM 00000000000000000000 01091005190014421118                    101118000000000324075630940011005190000100000000000000000000000000000000000000000000000000000000000000000000000000003240000000000000000000000000000000000000000000000000000010000000000000          0000534757766500000000000000000000000000000000000000000045
1022542123500018830940000316741000000                         00000004188401000000DM 00000000000000000000 01091005190026731118                    101118000000000374075630940011005190000100000000000000000000000000000000000000000000000000000000000000000000000000003740000000000000000000000000000000000000000000000000000010000000000000          0000945536569300000000000000000000000000000000000000000046
1022542123500018830940000316741000000                         00000004200901000000DM 00000000000000000000 01091005190030421118                    101118000000000374075630940011005190000100000000000000000000000000000000000000000000000000000000000000000000000000003740000000000000000000000000000000000000000000000000000010000000000000          0001076302165200000000000000000000000000000000000000000047
1022542123500018830940000316741000000                         00000004236301000000DM 00000000000000000000 01091005190030461118                    101118000000000374075630940011005190000100000000000000000000000000000000000000000000000000000000000000000000000000003740000000000000000000000000000000000000000000000000000010000000000000          0000149822561600000000000000000000000000000000000000000048
1022542123500018830940000316741000000                         00000003512301000000DM 00000000000000000000 01091005190017341118                    101118000000000324075630940011005190000100000000000000000000000000000000000000000000000000000000000000000000000000003240000000000000000000000000000000000000000000000000000010000000000000          0006300667766800000000000000000000000000000000000000000049
1022542123500018830940000316741000000                         00000003571801000000DM 00000000000000000000 01091005190022821118                    101118000000000324075630940011005190000100000000000000000000000000000000000000000000000000000000000000000000000000003240000000000000000000000000000000000000000000000000000010000000000000          0007188059365300000000000000000000000000000000000000000050
1022542123500018830940000316741000000                         00000003284801000000DM 00000000000000000000 01091005190012201118                    101118000000000324075630940011005190000100000000000000000000000000000000000000000000000000000000000000000000000000003240000000000000000000000000000000000000000000000000000010000000000000          0005183755876000000000000000000000000000000000000000000051
1022542123500018830940000316741000000                         00000003583601000000DM 00000000000000000000 01091005190023041118                    101118000000000374075630940011005190000100000000000000000000000000000000000000000000000000000000000000000000000000003740000000000000000000000000000000000000000000000000000010000000000000          0004225353567200000000000000000000000000000000000000000052
1022542123500018830940000316741000000                         00000003488001000000DM 00000000000000000000 01091005190017121118                    101118000000000324075630940011005190000100000000000000000000000000000000000000000000000000000000000000000000000000003240000000000000000000000000000000000000000000000000000010000000000000          0006761282268700000000000000000000000000000000000000000053
1022542123500018830940000316741000000                         00000004457101000000DM 00000000000000000000 01091005190017951118                    101118000000000324075630940011005190000100000000000000000000000000000000000000000000000000000000000000000000000000003240000000000000000000000000000000000000000000000000000010000000000000          0000027258068600000000000000000000000000000000000000000054
1022542123500018830940000316741000000                         00000004380001000000DM 00000000000000000000 01091005190030411118                    101118000000000374075630940011005190000100000000000000000000000000000000000000000000000000000000000000000000000000003740000000000000000000000000000000000000000000000000000010000000000000          0006919796260000000000000000000000000000000000000000000055
1022542123500018830940000316741000000                         00000004392801000000DM 00000000000000000000 01091005190030441118                    101118000000000374075630940011005190000100000000000000000000000000000000000000000000000000000000000000000000000000003740000000000000000000000000000000000000000000000000000010000000000000          0000119164868000000000000000000000000000000000000000000056
1022542123500018830940000316741000000                         00000004471501000000DM 00000000000000000000 01091005190030671118                    101118000000000374075630940011005190000100000000000000000000000000000000000000000000000000000000000000000000000000003740000000000000000000000000000000000000000000000000000010000000000000          0004937862766800000000000000000000000000000000000000000057
1022542123500018830940000316741000000                         00000004482601000000DM 00000000000000000000 01091005190030661118                    101118000000000324075630940011005190000100000000000000000000000000000000000000000000000000000000000000000000000000003240000000000000000000000000000000000000000000000000000010000000000000          0000927428865400000000000000000000000000000000000000000058
1022542123500018830940000316741000000                         00000004575601000000DM 00000000000000000000 01091005190026041118                    101118000000000374075630940011005190000100000000000000000000000000000000000000000000000000000000000000000000000000003740000000000000000000000000000000000000000000000000000010000000000000          0007148771960400000000000000000000000000000000000000000059
1022542123500018830940000316741000000                         00000004528001000000DM 00000000000000000000 01091005190025541118                    101118000000000349075630940011005190000100000000000000000000000000000000000000000000000000000000000000000000000000003490000000000000000000000000000000000000000000000000000010000000000000          0006612599561500000000000000000000000000000000000000000060
1022542123500018830940000316741000000                         00000004563801000000DM 00000000000000000000 01091005190016381118                    101118000000000324075630940011005190000100000000000000000000000000000000000000000000000000000000000000000000000000003240000000000000000000000000000000000000000000000000000010000000000000          0004897108160000000000000000000000000000000000000000000061
1022542123500018830940000316741000000                         00000005056601000000DM 00000000000000000000 01060905190011030519                    100519000000000324023716910010905190000250000000000000000000000000000000000000000000000000000000000000000000000000003240000000000000000000000000000000000000000000000000000010000000000000          0008715135969100000000000000000000000000000000000000000062
1022542123500018830940000316741000000                         00000005104501000000DM 00000000000000000000 01060705190013270519                    100519000000000324010400970010705190000250000000000000000000000000000000000000000000000000000000000000000000000000003240000000000000000000000000000000000000000000000000000010000000000000          0005974586069700000000000000000000000000000000000000000063
1022542123500018830940000316741000000                         00000005189001000000DM 00000000000000000000 01061005190014950519                    100519000000000324010400970011005190000250000000000000000000000000000000000000000000000000000000000000000000000000003240000000000000000000000000000000000000000000000000000010000000000000          0000136752462800000000000000000000000000000000000000000064
1022542123500018830940000316741000000                         00000005201501000000DM 00000000000000000000 01060905190015230519                    100519000000000324010400970010905190000250000000000000000000000000000000000000000000000000000000000000000000000000003240000000000000000000000000000000000000000000000000000010000000000000          0003225778362000000000000000000000000000000000000000000065
1022542123500018830940000316741000000                         00000004695501000000DM 00000000000000000000 01060705190002470419                    100419000000000324010400970010705190000250000000000000000000000000000000000000000000000000000000000000000000000000003272000000000003200000000000000000000000000000000000000010000000000000          0000356167569700000000000000000000000000000000000000000066
1022542123500018830940000316741000000                         00000004960301000000DM 00000000000000000000 01060905190009010519                    100519000000000324010400970010905190000250000000000000000000000000000000000000000000000000000000000000000000000000003240000000000000000000000000000000000000000000000000000010000000000000          0009470166060400000000000000000000000000000000000000000067
1022542123500018830940000316741000000                         00000004655001000000DM 00000000000000000000 01091005191000181018                    101118000000002443075630940011005190000100000000000000000000000000000000000000000000000000000000000000000000000000024430000000000000000000000000000000000000000000000000000010000000000000          1823706600016500000000000000000000000000000000000000000068
1022542123500018830940000316741000000                         00000005068401000000DM 00000000000000000000 01061005190011060519                    100519000000000324034184810011005190000250000000000000000000000000000000000000000000000000000000000000000000000000003240000000000000000000000000000000000000000000000000000010000000000000          0000306014564400000000000000000000000000000000000000000069
1022542123500018830940000316741000000                         00000005177201000000DM 00000000000000000000 01060905190014700519                    100519000000000324010400970010905190000250000000000000000000000000000000000000000000000000000000000000000000000000003240000000000000000000000000000000000000000000000000000010000000000000          0008318973461500000000000000000000000000000000000000000070
1022542123500018830940000316741000000                         00000005249801000000DM 00000000000000000000 01060805190017220519                    100519000000000324010400970010805190000250000000000000000000000000000000000000000000000000000000000000000000000000003240000000000000000000000000000000000000000000000000000010000000000000          0000326379860000000000000000000000000000000000000000000071
1022542123500018830940000316741000000                         00000005669201000000DM 00000000000000000000 01060805190030140519                    100519000000000374010400970010805190000250000000000000000000000000000000000000000000000000000000000000000000000000003740000000000000000000000000000000000000000000000000000010000000000000          0000506908968400000000000000000000000000000000000000000072
1022542123500018830940000316741000000                         00000005681101000000DM 00000000000000000000 01060805190030330519                    100519000000000374010400970010805190000250000000000000000000000000000000000000000000000000000000000000000000000000003740000000000000000000000000000000000000000000000000000010000000000000          0008285259668700000000000000000000000000000000000000000073
1022542123500018830940000316741000000                         00000004768801000000DM 00000000000000000000 01061005190004270519                    100519000000000324010400970011005190000250000000000000000000000000000000000000000000000000000000000000000000000000003240000000000000000000000000000000000000000000000000000010000000000000          0000329979965700000000000000000000000000000000000000000074
1022542123500018830940000316741000000                         00000004780701000000DM 00000000000000000000 01060705190004350519                    100519000000000324034109440010705190000250000000000000000000000000000000000000000000000000000000000000000000000000003240000000000000000000000000000000000000000000000000000010000000000000          0001514063611500000000000000000000000000000000000000000075
1022542123500018830940000316741000000                         00000005549301000000DM 00000000000000000000 01061005190028150519                    100519000000000374010400970011005190000250000000000000000000000000000000000000000000000000000000000000000000000000003740000000000000000000000000000000000000000000000000000010000000000000          0001026372666500000000000000000000000000000000000000000076
1022542123500018830940000316741000000                         00000005725001000000DM 00000000000000000000 01060905190030690519                    100519000000000374075630940010905190000250000000000000000000000000000000000000000000000000000000000000000000000000003740000000000000000000000000000000000000000000000000000010000000000000          0006037461660400000000000000000000000000000000000000000077
1022542123500018830940000316741000000                         00000004672601000000DM 00000000000000000000 01060905190001140519                    100519000000000324010400970010905190000250000000000000000000000000000000000000000000000000000000000000000000000000003240000000000000000000000000000000000000000000000000000010000000000000          0004897155363400000000000000000000000000000000000000000078
1022542123500018830940000316741000000                         00000004792501000000DM 00000000000000000000 01060905190004370519                    100519000000000324010400970010905190000250000000000000000000000000000000000000000000000000000000000000000000000000003240000000000000000000000000000000000000000000000000000010000000000000          0001313854565300000000000000000000000000000000000000000079
1022542123500018830940000316741000000                         00000004828501000000DM 00000000000000000000 01061005190005190519                    100519000000000324010400970011005190000250000000000000000000000000000000000000000000000000000000000000000000000000003240000000000000000000000000000000000000000000000000000010000000000000          0007188477760000000000000000000000000000000000000000000080
1022542123500018830940000316741000000                         00000005092101000000DM 00000000000000000000 01061005190012340519                    100519000000000324010400970011005190000250000000000000000000000000000000000000000000000000000000000000000000000000003240000000000000000000000000000000000000000000000000000010000000000000          0008461066260400000000000000000000000000000000000000000081
1022542123500018830940000316741000000                         00000005225101000000DM 00000000000000000000 01060905190015980519                    100519000000000324010400970010905190000250000000000000000000000000000000000000000000000000000000000000000000000000003240000000000000000000000000000000000000000000000000000010000000000000          0007886934067800000000000000000000000000000000000000000082
1022542123500018830940000316741000000                         00000005237001000000DM 00000000000000000000 01060905190016360519                    100519000000000374010400970010905190000250000000000000000000000000000000000000000000000000000000000000000000000000003740000000000000000000000000000000000000000000000000000010000000000000          0004340692069100000000000000000000000000000000000000000083
1022542123500018830940000316741000000                         00000005369701000000DM 00000000000000000000 01061005190023970519                    100519000000000374010400970011005190000250000000000000000000000000000000000000000000000000000000000000000000000000003740000000000000000000000000000000000000000000000000000010000000000000          0007188737762000000000000000000000000000000000000000000084
1022542123500018830940000316741000000                         00000005381601000000DM 00000000000000000000 01061005190024530519                    100519000000000374010400970011005190000250000000000000000000000000000000000000000000000000000000000000000000000000003740000000000000000000000000000000000000000000000000000010000000000000          0003607094764900000000000000000000000000000000000000000085
1022542123500018830940000316741000000                         00000005465001000000DM 00000000000000000000 01061005190026650519                    100519000000000374034109440011005190000250000000000000000000000000000000000000000000000000000000000000000000000000003740000000000000000000000000000000000000000000000000000010000000000000          0000694769266000000000000000000000000000000000000000000086
1022542123500018830940000316741000000                         00000005501001000000DM 00000000000000000000 01060705190026860519                    100519000000000374010400970010705190000250000000000000000000000000000000000000000000000000000000000000000000000000003740000000000000000000000000000000000000000000000000000010000000000000          0003407094060000000000000000000000000000000000000000000087
1022542123500018830940000316741000000                         00000005429401000000DM 00000000000000000000 01060705190025270519                    100519000000000374010400970010705190000250000000000000000000000000000000000000000000000000000000000000000000000000003740000000000000000000000000000000000000000000000000000010000000000000          0000677178867900000000000000000000000000000000000000000088
1022542123500018830940000316741000000                         00000004864001000000DM 00000000000000000000 01060805190005930519                    100519000000000324010400970010805190000250000000000000000000000000000000000000000000000000000000000000000000000000003240000000000000000000000000000000000000000000000000000010000000000000          0003023575860400000000000000000000000000000000000000000089
1022542123500018830940000316741000000                         00000005573001000000DM 00000000000000000000 01060705190028810519                    100519000000000374010400970010705190000250000000000000000000000000000000000000000000000000000000000000000000000000003740000000000000000000000000000000000000000000000000000010000000000000          0002729612165300000000000000000000000000000000000000000090
1022542123500018830940000316741000000                         00000005645601000000DM 00000000000000000000 01060805190029700519                    100519000000000374010400970010805190000250000000000000000000000000000000000000000000000000000000000000000000000000003740000000000000000000000000000000000000000000000000000010000000000000          0000214486281800000000000000000000000000000000000000000091
1022542123500018830940000316741000000                         00000004936601000000DM 00000000000000000000 01060805190008470519                    100519000000000374010400970010805190000250000000000000000000000000000000000000000000000000000000000000000000000000003740000000000000000000000000000000000000000000000000000010000000000000          0000150671660100000000000000000000000000000000000000000092
1022542123500018830940000316741000000                         00000004684401000000DM 00000000000000000000 01060705190002360519                    100519000000000374010400970010705190000250000000000000000000000000000000000000000000000000000000000000000000000000003740000000000000000000000000000000000000000000000000000010000000000000          0000569370264200000000000000000000000000000000000000000093
1022542123500018830940000316741000000                         00000004732301000000DM 00000000000000000000 01061005190004140519                    100519000000000374003334670011005190000250000000000000000000000000000000000000000000000000000000000000000000000000003740000000000000000000000000000000000000000000000000000010000000000000          0000303613564200000000000000000000000000000000000000000094
1022542123500018830940000316741000000                         00000004804901000000DM 00000000000000000000 01060805190004530519                    100519000000000374010400970010805190000250000000000000000000000000000000000000000000000000000000000000000000000000003740000000000000000000000000000000000000000000000000000010000000000000          0000786278560600000000000000000000000000000000000000000095
1022542123500018830940000316741000000                         00000004876901000000DM 00000000000000000000 01060805190006480519                    100519000000000374010400970010805190000250000000000000000000000000000000000000000000000000000000000000000000000000003740000000000000000000000000000000000000000000000000000010000000000000          0001612677762000000000000000000000000000000000000000000096
1022542123500018830940000316741000000                         00000004924801000000DM 00000000000000000000 01060805190008410519                    100519000000000324010400970010805190000250000000000000000000000000000000000000000000000000000000000000000000000000003240000000000000000000000000000000000000000000000000000010000000000000          0004459589168700000000000000000000000000000000000000000097
1022542123500018830940000316741000000                         00000005537501000000DM 00000000000000000000 01061005190027500519                    100519000000000374010400970011005190000250000000000000000000000000000000000000000000000000000000000000000000000000003740000000000000000000000000000000000000000000000000000010000000000000          0000282899960200000000000000000000000000000000000000000098
1022542123500018830940000316741000000                         00000005609001000000DM 00000000000000000000 01060905190029010519                    100519000000000374010400970010905190000250000000000000000000000000000000000000000000000000000000000000000000000000003740000000000000000000000000000000000000000000000000000010000000000000          0002483652468700000000000000000000000000000000000000000099
1022542123500018830940000316741000000                         00000005020101000000DM 00000000000000000000 01061005190010460519                    100519000000000324010400970011005190000250000000000000000000000000000000000000000000000000000000000000000000000000003240000000000000000000000000000000000000000000000000000010000000000000          0000013014064300000000000000000000000000000000000000000100
1022542123500018830940000316741000000                         00000005792401000000DM 00000000000000000000 01061005190029270519                    100519000000000374010407080011005190000250000000000000000000000000000000000000000000000000000000000000000000000000003740000000000000000000000000000000000000000000000000000010000000000000          0001166686868000000000000000000000000000000000000000000101
1022542123500018830940000316741000000                         00000005808701000000DM 00000000000000000000 01061005191000100419                    100519000000001468000142020011005190000250000000000000000000000000000000000000000000000000000000000000000000000000014680000000000000000000000000000000000000000000000000000010000000000000          7097303700034300000000000000000000000000000000000000000102
1022542123500018830940000316741000000                         00000005811001000000DM 00000000000000000000 01061005191000150419                    100519000000000349000142020011005190000250000000000000000000000000000000000000000000000000000000000000000000000000003490000000000000000000000000000000000000000000000000000010000000000000          7097303700093900000000000000000000000000000000000000000103
1022542123500018830940000316741000000                         00000005807001000000DM 00000000000000000000 01061005191000070419                    100519000000000698000142020011005190000250000000000000000000000000000000000000000000000000000000000000000000000000006980000000000000000000000000000000000000000000000000000010000000000000          7097303700069600000000000000000000000000000000000000000104
1022542123500018830940000316741000000                         00000005810201000000DM 00000000000000000000 01061005191000120419                    100519000000000698000102100011005190000250000000000000000000000000000000000000000000000000000000000000000000000000006980000000000000000000000000000000000000000000000000000010000000000000          7097216100012200000000000000000000000000000000000000000105
1022542123500018830940000316741000000                         00000005813401000000DM 00000000000000000000 01061005191000210419                    100519000000000526510400970011005190000250000000000000000000000000000000000000000000000000000000000000000000000000005265000000000000000000000000000000000000000000000000000010000000000000          6522717500018100000000000000000000000000000000000000000106
1022542123500018830940000316741000000                         00000005812701000000DM 00000000000000000000 01061005191000110419                    100519000000001396010400970011005190000250000000000000000000000000000000000000000000000000000000000000000000000000013960000000000000000000000000000000000000000000000000000010000000000000          3874637600038400000000000000000000000000000000000000000107
9027563094SICOOB CREDIARA          RUA MARIA RITA DE AGUIAR                          CENTRO                        38183236ARAXÁ                         MG140520190000010600000000113                                                                                                                                                                                                                    000108
