02RETORNO01COBRANÇA       30940000327964316741J REZENDE                     756 - BANCOOB S/A 1405190000308                                                                                                                                                                                                                                                                                               000001
1022542123500018830940000316741000000                         00000004708601000000DM 00000000000000000000 01061305190002560519                    100519000000000324075630940011305190000250000000000000000000000000000000000000000000000000000000000000000000000000003246000000000000600000000000000000000000000000000000000010000000000000          0000474784860600000000000000000000000000000000000000000002
1022542123500018830940000316741000000                         00000004744101000000DM 00000000000000000000 01061305190004160519                    100519000000000324034109440011305190000250000000000000000000000000000000000000000000000000000000000000000000000000003246000000000000600000000000000000000000000000000000000010000000000000          0009147587261500000000000000000000000000000000000000000003
1022542123500018830940000316741000000                         00000005357901000000DM 00000000000000000000 01061305190023390519                    100519000000000374010400970011305190000250000000000000000000000000000000000000000000000000000000000000000000000000003746000000000000600000000000000000000000000000000000000010000000000000          0003615945069700000000000000000000000000000000000000000004
9027563094SICOOB CREDIARA          RUA MARIA RITA DE AGUIAR                          CENTRO                        38183236ARAXÁ                         MG140520190000000300000000113                                                                                                                                                                                                                    000005
