02RETORNO01COBRANÇA       30940000327964316741J REZENDE                     756 - BANCOOB S/A 0205190000304                                                                                                                                                                                                                                                                                               000001
1022542123500018830940000316741000000                         00000003175001000000DM 00000000000000000000 01092204190025801018                    201018000000000374075630940012204190000100000000000000000000000000000000000000000000000000000000000000000000000000003740000000000000000000000000000000000000000000000000000010000000000000          0007188615063000000000000000000000000000000000000000000002
1022542123500018830940000316741000000                         00000004984001000000DM 00000000000000000000 01062204190010140519                    100519000000000374010400970012204190000250000000000000000000000000000000000000000000000000000000000000000000000000003740000000000000000000000000000000000000000000000000000010000000000000          0005764752663400000000000000000000000000000000000000000003
9027563094SICOOB CREDIARA          RUA MARIA RITA DE AGUIAR                          CENTRO                        38183236ARAXÁ                         MG020520190000000200000000113                                                                                                                                                                                                                    000004
