02RETORNO01COBRANÇA       30940000327964316741J REZENDE                     756 - BANCOOB S/A 2304210000468                                                                                                                                                                                                                                                                                               000001
1022542123500018830940000316741000000                         00000007112201000000DM 00000000000000000000 01060904210011030421                    100421000000000380063300010010904210000250000000000000000000000000000000000000000000000000000000000000000000000000003800000000000000000000000000000000000000000000000000000010000000000000          0008715135969100000000000000000000000000000000000000000002
1022542123500018830940000316741000000                         00000007040701000000DM 00000000000000000000 01060904210004140421                    100421000000000400003334670010904210000250000000000000000000000000000000000000000000000000000000000000000000000000004000000000000000000000000000000000000000000000000000000010000000000000          0000303613564200000000000000000000000000000000000000000003
1022542123500018830940000316741000000                         00000007267901000000DM 00000000000000000000 01060904210010480321                    100321000000000400010400970010904210000250000000000000000000000000000000000000000000000000000000000000000000000000004004000000000000400000000000000000000000000000000000000010000000000000          0000027554260200000000000000000000000000000000000000000004
1022542123500018830940000316741000000                         00000006956101000000DM 00000000000000000000 01060904210025270421                    100421000000000400010400970010904210000250000000000000000000000000000000000000000000000000000000000000000000000000004000000000000000000000000000000000000000000000000000000010000000000000          0000677178867900000000000000000000000000000000000000000005
1022542123500018830940000316741000000                         00000007340201000000DM 00000000000000000000 01060904210028150421                    100421000000000400010400970010904210000250000000000000000000000000000000000000000000000000000000000000000000000000004000000000000000000000000000000000000000000000000000000010000000000000          0001026372666500000000000000000000000000000000000000000006
1022542123500018830940000316741000000                         00000007524801000000DM 00000000000000000000 01060904211000250321                    100421000000040500010400970010904210000250000000000000000000000000000000000000000000000000000000000000000000000000405000000000000000000000000000000000000000000000000000000010000000000000          2604122800011300000000000000000000000000000000000000000007
1022542123500018830940000316741000000                         00000007268601000000DM 00000000000000000000 01060904210010480421                    100421000000000400010400970010904210000250000000000000000000000000000000000000000000000000000000000000000000000000004000000000000000000000000000000000000000000000000000000010000000000000          0000027554260200000000000000000000000000000000000000000008
1022542123500018830940000316741000000                         00000007159801000000DM 00000000000000000000 01060904210008470321                    100321000000000400010400970010904210000250000000000000000000000000000000000000000000000000000000000000000000000000004004000000000000400000000000000000000000000000000000000010000000000000          0000150671660100000000000000000000000000000000000000000009
1022542123500018830940000316741000000                         00000007160601000000DM 00000000000000000000 01060904210008470421                    100421000000000400010400970010904210000250000000000000000000000000000000000000000000000000000000000000000000000000004000000000000000000000000000000000000000000000000000000010000000000000          0000150671660100000000000000000000000000000000000000000010
1022542123500018830940000316741000000                         00000005910401000000DM 00000000000000000000 01090904210030711020                    101020000000000400075630940010904210000100000000000000000000000000000000000000000000000000000000000000000000000000004000000000000000000000000000000000000000000000000000000010000000000000          0000953633063600000000000000000000000000000000000000000011
1022542123500018830940000316741000000                         00000006018501000000DM 00000000000000000000 01090904210002471020                    101020000000000360075630940010904210000100000000000000000000000000000000000000000000000000000000000000000000000000003600000000000000000000000000000000000000000000000000000010000000000000          0000356167569700000000000000000000000000000000000000000012
1022542123500018830940000316741000000                         00000006150301000000DM 00000000000000000000 01090904210030701020                    101020000000000400075630940010904210000100000000000000000000000000000000000000000000000000000000000000000000000000004000000000000000000000000000000000000000000000000000000010000000000000          0001212798465000000000000000000000000000000000000000000013
1022542123500018830940000316741000000                         00000006162101000000DM 00000000000000000000 01090904210004531020                    101020000000000400075630940010904210000100000000000000000000000000000000000000000000000000000000000000000000000000004000000000000000000000000000000000000000000000000000000010000000000000          0000786278560600000000000000000000000000000000000000000014
1022542123500018830940000316741000000                         00000006186801000000DM 00000000000000000000 01090904210008391020                    101020000000000360075630940010904210000100000000000000000000000000000000000000000000000000000000000000000000000000003600000000000000000000000000000000000000000000000000000010000000000000          0004904386264900000000000000000000000000000000000000000015
1022542123500018830940000316741000000                         00000006234701000000DM 00000000000000000000 01090904210017221020                    101020000000000360075630940010904210000100000000000000000000000000000000000000000000000000000000000000000000000000003600000000000000000000000000000000000000000000000000000010000000000000          0000326379860000000000000000000000000000000000000000000016
1022542123500018830940000316741000000                         00000006246501000000DM 00000000000000000000 01090904210017831020                    101020000000000360075630940010904210000100000000000000000000000000000000000000000000000000000000000000000000000000003600000000000000000000000000000000000000000000000000000010000000000000          0007674540669100000000000000000000000000000000000000000017
1022542123500018830940000316741000000                         00000006270201000000DM 00000000000000000000 01090904210030141020                    101020000000000400075630940010904210000100000000000000000000000000000000000000000000000000000000000000000000000000004000000000000000000000000000000000000000000000000000000010000000000000          0000506908968400000000000000000000000000000000000000000018
1022542123500018830940000316741000000                         00000006282001000000DM 00000000000000000000 01090904210029271020                    101020000000000400075630940010904210000100000000000000000000000000000000000000000000000000000000000000000000000000004000000000000000000000000000000000000000000000000000000010000000000000          0001166686868000000000000000000000000000000000000000000019
1022542123500018830940000316741000000                         00000006342801000000DM 00000000000000000000 01090904210010921020                    101020000000000360075630940010904210000100000000000000000000000000000000000000000000000000000000000000000000000000003600000000000000000000000000000000000000000000000000000010000000000000          0007570230469100000000000000000000000000000000000000000020
1022542123500018830940000316741000000                         00000006366401000000DM 00000000000000000000 01090904210023971020                    101020000000000400075630940010904210000100000000000000000000000000000000000000000000000000000000000000000000000000004000000000000000000000000000000000000000000000000000000010000000000000          0007188737762000000000000000000000000000000000000000000021
1022542123500018830940000316741000000                         00000006378201000000DM 00000000000000000000 01090904210026651020                    101020000000000400075630940010904210000100000000000000000000000000000000000000000000000000000000000000000000000000004000000000000000000000000000000000000000000000000000000010000000000000          0000694769266000000000000000000000000000000000000000000022
1022542123500018830940000316741000000                         00000006414301000000DM 00000000000000000000 01090904210027001020                    101020000000000400075630940010904210000100000000000000000000000000000000000000000000000000000000000000000000000000004000000000000000000000000000000000000000000000000000000010000000000000          0000487456467400000000000000000000000000000000000000000023
1022542123500018830940000316741000000                         00000006438001000000DM 00000000000000000000 01090904210004911020                    101020000000000360075630940010904210000100000000000000000000000000000000000000000000000000000000000000000000000000003600000000000000000000000000000000000000000000000000000010000000000000          0002624052160400000000000000000000000000000000000000000024
1022542123500018830940000316741000000                         00000006449001000000DM 00000000000000000000 01090904210030721020                    101020000000000400075630940010904210000100000000000000000000000000000000000000000000000000000000000000000000000000004000000000000000000000000000000000000000000000000000000010000000000000          0000317910663800000000000000000000000000000000000000000025
1022542123500018830940000316741000000                         00000006461001000000DM 00000000000000000000 01090904210008691020                    101020000000000360075630940010904210000100000000000000000000000000000000000000000000000000000000000000000000000000003600000000000000000000000000000000000000000000000000000010000000000000          0000027442861000000000000000000000000000000000000000000026
1022542123500018830940000316741000000                         00000006485601000000DM 00000000000000000000 01090904210022821020                    101020000000000360075630940010904210000100000000000000000000000000000000000000000000000000000000000000000000000000003600000000000000000000000000000000000000000000000000000010000000000000          0007188059365300000000000000000000000000000000000000000027
1022542123500018830940000316741000000                         00000006497401000000DM 00000000000000000000 01090904210029221020                    101020000000000400075630940010904210000100000000000000000000000000000000000000000000000000000000000000000000000000004000000000000000000000000000000000000000000000000000000010000000000000          0005554795862000000000000000000000000000000000000000000028
1022542123500018830940000316741000000                         00000006509801000000DM 00000000000000000000 01090904210029631020                    101020000000000400075630940010904210000100000000000000000000000000000000000000000000000000000000000000000000000000004000000000000000000000000000000000000000000000000000000010000000000000          0000559499965500000000000000000000000000000000000000000029
1022542123500018830940000316741000000                         00000006569001000000DM 00000000000000000000 01090904210023391020                    101020000000000400075630940010904210000100000000000000000000000000000000000000000000000000000000000000000000000000004000000000000000000000000000000000000000000000000000000010000000000000          0003615945069700000000000000000000000000000000000000000030
1022542123500018830940000316741000000                         00000006581901000000DM 00000000000000000000 01090904210026051020                    101020000000000400075630940010904210000100000000000000000000000000000000000000000000000000000000000000000000000000004000000000000000000000000000000000000000000000000000000010000000000000          0000258153466400000000000000000000000000000000000000000031
1022542123500018830940000316741000000                         00000006605001000000DM 00000000000000000000 01090904210004371020                    101020000000000360075630940010904210000100000000000000000000000000000000000000000000000000000000000000000000000000003600000000000000000000000000000000000000000000000000000010000000000000          0001313854565300000000000000000000000000000000000000000032
1022542123500018830940000316741000000                         00000006629701000000DM 00000000000000000000 01090904210030761020                    101020000000000400075630940010904210000100000000000000000000000000000000000000000000000000000000000000000000000000004000000000000000000000000000000000000000000000000000000010000000000000          0000479186480800000000000000000000000000000000000000000033
1022542123500018830940000316741000000                         00000006665201000000DM 00000000000000000000 01090904210029711020                    101020000000000400075630940010904210000100000000000000000000000000000000000000000000000000000000000000000000000000004000000000000000000000000000000000000000000000000000000010000000000000          0002729840060600000000000000000000000000000000000000000034
1022542123500018830940000316741000000                         00000006699201000000DM 00000000000000000000 01090904210026731020                    101020000000000400075630940010904210000100000000000000000000000000000000000000000000000000000000000000000000000000004000000000000000000000000000000000000000000000000000000010000000000000          0000945536569300000000000000000000000000000000000000000035
1022542123500018830940000316741000000                         00000006734601000000DM 00000000000000000000 01090904210008411020                    101020000000000360075630940010904210000100000000000000000000000000000000000000000000000000000000000000000000000000003600000000000000000000000000000000000000000000000000000010000000000000          0004459589168700000000000000000000000000000000000000000036
1022542123500018830940000316741000000                         00000006836201000000DM 00000000000000000000 01090904211000180920                    101020000000002720075630940010904210000100000000000000000000000000000000000000000000000000000000000000000000000000027200000000000000000000000000000000000000000000000000000010000000000000          1823706600016500000000000000000000000000000000000000000037
1022542123500018830940000316741000000                         00000007304701000000DM 00000000000000000000 01060804210029010421                    100421000000000400010400970010804210000250000000000000000000000000000000000000000000000000000000000000000000000000004000000000000000000000000000000000000000000000000000000010000000000000          0002483652468700000000000000000000000000000000000000000038
1022542123500018830940000316741000000                         00000007424601000000DM 00000000000000000000 01060804210005350421                    100421000000000380010400970010804210000250000000000000000000000000000000000000000000000000000000000000000000000000003800000000000000000000000000000000000000000000000000000010000000000000          0000659773163800000000000000000000000000000000000000000039
1022542123500018830940000316741000000                         00000007052501000000DM 00000000000000000000 01060804210014700421                    100421000000000380010400970010804210000250000000000000000000000000000000000000000000000000000000000000000000000000003800000000000000000000000000000000000000000000000000000010000000000000          0008318973461500000000000000000000000000000000000000000040
1022542123500018830940000316741000000                         00000007004101000000DM 00000000000000000000 01060804210016360421                    100421000000000400010400970010804210000250000000000000000000000000000000000000000000000000000000000000000000000000004000000000000000000000000000000000000000000000000000000010000000000000          0004340692069100000000000000000000000000000000000000000041
1022542123500018830940000316741000000                         00000007172401000000DM 00000000000000000000 01060804210015980421                    100421000000000380010400970010804210000250000000000000000000000000000000000000000000000000000000000000000000000000003800000000000000000000000000000000000000000000000000000010000000000000          0007886934067800000000000000000000000000000000000000000042
1022542123500018830940000316741000000                         00000007016001000000DM 00000000000000000000 01060704210024530421                    100421000000000400010400970010704210000250000000000000000000000000000000000000000000000000000000000000000000000000004000000000000000000000000000000000000000000000000000000010000000000000          0003607094764900000000000000000000000000000000000000000043
1022542123500018830940000316741000000                         00000007136901000000DM 00000000000000000000 01060704210023040421                    100421000000000400010400970010704210000250000000000000000000000000000000000000000000000000000000000000000000000000004000000000000000000000000000000000000000000000000000000010000000000000          0004225353567200000000000000000000000000000000000000000044
1022542123500018830940000316741000000                         00000006968001000000DM 00000000000000000000 01060704210017950421                    100421000000000380010400970010704210000250000000000000000000000000000000000000000000000000000000000000000000000000003800000000000000000000000000000000000000000000000000000010000000000000          0000027258068600000000000000000000000000000000000000000045
1022542123500018830940000316741000000                         00000006980901000000DM 00000000000000000000 01060604210010200421                    100421000000000400010400970010604210000250000000000000000000000000000000000000000000000000000000000000000000000000004000000000000000000000000000000000000000000000000000000010000000000000          0003616071763400000000000000000000000000000000000000000046
1022542123500018830940000316741000000                         00000007352001000000DM 00000000000000000000 01060604210000410421                    100421000000000380010400970010604210000250000000000000000000000000000000000000000000000000000000000000000000000000003800000000000000000000000000000000000000000000000000000010000000000000          0000565324365500000000000000000000000000000000000000000047
9027563094SICOOB CREDIARA          R D BOSCO                                         Centro                        38183228Araxá                         MG230420210000004600000000113                                                                                                                                                                                                                    000048
