02RETORNO01COBRANÇA       30940000327964316741J REZENDE                     756 - BANCOOB S/A 2304210000465                                                                                                                                                                                                                                                                                               000001
1022542123500018830940000316741000000                         00000007075401000000DM 00000000000000000000 01062603210027000321                    100321000000000400010400970012603210000250000000000000000000000000000000000000000000000000000000000000000000000000004004000000000000400000000000000000000000000000000000000010000000000000          0000487456467400000000000000000000000000000000000000000002
1022542123500018830940000316741000000                         00000007231401000000DM 00000000000000000000 01062503210022690321                    100321000000000400010400970012503210000250000000000000000000000000000000000000000000000000000000000000000000000000004004000000000000400000000000000000000000000000000000000010000000000000          0006307307269100000000000000000000000000000000000000000003
1022542123500018830940000316741000000                         00000007255001000000DM 00000000000000000000 01062203210013890321                    280321000000000380010400970012203210000250000000000000000000000000000000000000000000000000000000000000000000000000003800000000000000000000000000000000000000000000000000000010000000000000          0000690262868800000000000000000000000000000000000000000004
1022542123500018830940000316741000000                         00000006843401000000DM 00000000000000000000 01092203210030850920                    220920000000000500075630940012203210000100000000000000000000000000000000000000000000000000000000000000000000000000005000000000000000000000000000000000000000000000000000000010000000000000          0000408716762300000000000000000000000000000000000000000005
9027563094SICOOB CREDIARA          R D BOSCO                                         Centro                        38183228Araxá                         MG230420210000000400000000113                                                                                                                                                                                                                    000006
