02RETORNO01COBRANÇA       30940000327964316741J REZENDE                     756 - BANCOOB S/A 2304210000467                                                                                                                                                                                                                                                                                               000001
1022542123500018830940000316741000000                         00000007474401000000DM 00000000000000000000 01060504210028820421                    100421000000000400010400970010504210000250000000000000000000000000000000000000000000000000000000000000000000000000004000000000000000000000000000000000000000000000000000000010000000000000          0008182941865300000000000000000000000000000000000000000002
1022542123500018830940000316741000000                         00000006860001000000DM 00000000000000000000 01060504210014580421                    100421000000000380010400970010504210000250000000000000000000000000000000000000000000000000000000000000000000000000003800000000000000000000000000000000000000000000000000000010000000000000          0002361630010000000000000000000000000000000000000000000003
9027563094SICOOB CREDIARA          R D BOSCO                                         Centro                        38183228Araxá                         MG230420210000000200000000113                                                                                                                                                                                                                    000004
