02RETORNO01COBRANÇA       30940000327964316741J REZENDE                     756 - BANCOOB S/A 2304210000466                                                                                                                                                                                                                                                                                               000001
1022542123500018830940000316741000000                         00000006896401000000DM 00000000000000000000 01063103210011610421                    100421000000000380010400970013103210000250000000000000000000000000000000000000000000000000000000000000000000000000003800000000000000000000000000000000000000000000000000000010000000000000          0004342743060000000000000000000000000000000000000000000002
1022542123500018830940000316741000000                         00000006872801000000DM 00000000000000000000 01063003210026740421                    100421000000000400010400970013003210000250000000000000000000000000000000000000000000000000000000000000000000000000004000000000000000000000000000000000000000000000000000000010000000000000          0000954360460600000000000000000000000000000000000000000003
1022542123500018830940000316741000000                         00000007243201000000DM 00000000000000000000 01062903210005450321                    100321000000000380010400970012903210000250000000000000000000000000000000000000000000000000000000000000000000000000003803000000000000300000000000000000000000000000000000000010000000000000          0003013578866800000000000000000000000000000000000000000004
9027563094SICOOB CREDIARA          R D BOSCO                                         Centro                        38183228Araxá                         MG230420210000000300000000113                                                                                                                                                                                                                    000005
