02RETORNO01COBRANÇA       30940000327964316741J REZENDE                     756 - BANCOOB S/A 2304210000469                                                                                                                                                                                                                                                                                               000001
1022542123500018830940000316741000000                         00000007525501000000DM 00000000000000000000 01061204211000280421                    100421000000000777013657310011204210000250000000000000000000000000000000000000000000000000000000000000000000000000007770000000000000000000000000000000000000000000000000000010000000000000          0581273600018800000000000000000000000000000000000000000002
1022542123500018830940000316741000000                         00000006944301000000DM 00000000000000000000 01061204210014950421                    100421000000000380010400970011204210000250000000000000000000000000000000000000000000000000000000000000000000000000003800000000000000000000000000000000000000000000000000000010000000000000          0000136752462800000000000000000000000000000000000000000003
1022542123500018830940000316741000000                         00000007400001000000DM 00000000000000000000 01061204210005930421                    100421000000000380010400970011204210000250000000000000000000000000000000000000000000000000000000000000000000000000003800000000000000000000000000000000000000000000000000000010000000000000          0003023575860400000000000000000000000000000000000000000004
1022542123500018830940000316741000000                         00000007292301000000DM 00000000000000000000 01061204210006480421                    100421000000000400010400970011204210000250000000000000000000000000000000000000000000000000000000000000000000000000004000000000000000000000000000000000000000000000000000000010000000000000          0001612677762000000000000000000000000000000000000000000005
1022542123500018830940000316741000000                         00000007376701000000DM 00000000000000000000 01061204210028160421                    100421000000000400010400970011204210000250000000000000000000000000000000000000000000000000000000000000000000000000004000000000000000000000000000000000000000000000000000000010000000000000          0008257197068200000000000000000000000000000000000000000006
1022542123500018830940000316741000000                         00000007520901000000DM 00000000000000000000 01061204211000100321                    100421000000000760000142020011204210000250000000000000000000000000000000000000000000000000000000000000000000000000007600000000000000000000000000000000000000000000000000000010000000000000          7097303700034300000000000000000000000000000000000000000007
1022542123500018830940000316741000000                         00000007064301000000DM 00000000000000000000 01061204210030690421                    100421000000000400075630940011204210000250000000000000000000000000000000000000000000000000000000000000000000000000004000000000000000000000000000000000000000000000000000000010000000000000          0006037461660400000000000000000000000000000000000000000008
1022542123500018830940000316741000000                         00000007519001000000DM 00000000000000000000 01061204211000070321                    100421000000000380000142020011204210000250000000000000000000000000000000000000000000000000000000000000000000000000003800000000000000000000000000000000000000000000000000000010000000000000          7097303700069600000000000000000000000000000000000000000009
1022542123500018830940000316741000000                         00000007521601000000DM 00000000000000000000 01061204211000150321                    100421000000000380000142020011204210000250000000000000000000000000000000000000000000000000000000000000000000000000003800000000000000000000000000000000000000000000000000000010000000000000          7097303700093900000000000000000000000000000000000000000010
1022542123500018830940000316741000000                         00000007028801000000DM 00000000000000000000 01061204210009010421                    100421000000000380010400970011204210000250000000000000000000000000000000000000000000000000000000000000000000000000003800000000000000000000000000000000000000000000000000000010000000000000          0009470166060400000000000000000000000000000000000000000011
1022542123500018830940000316741000000                         00000007328301000000DM 00000000000000000000 01061204210001140421                    100421000000000380010400970011204210000250000000000000000000000000000000000000000000000000000000000000000000000000003800000000000000000000000000000000000000000000000000000010000000000000          0004897155363400000000000000000000000000000000000000000012
1022542123500018830940000316741000000                         00000007364901000000DM 00000000000000000000 01061204210004160421                    100421000000000380034109440011204210000250000000000000000000000000000000000000000000000000000000000000000000000000003800000000000000000000000000000000000000000000000000000010000000000000          0009147587261500000000000000000000000000000000000000000013
1022542123500018830940000316741000000                         00000007209101000000DM 00000000000000000000 01061304210010140521                    100521000000000400010400970011304210000250000000000000000000000000000000000000000000000000000000000000000000000000004000000000000000000000000000000000000000000000000000000010000000000000          0005764752663400000000000000000000000000000000000000000014
1022542123500018830940000316741000000                         00000006908801000000DM 00000000000000000000 01061304210005190421                    100421000000000380010400970011304210000250000000000000000000000000000000000000000000000000000000000000000000000000003803000000000000300000000000000000000000000000000000000010000000000000          0007188477760000000000000000000000000000000000000000000015
1022542123500018830940000316741000000                         00000007518301000000DM 00000000000000000000 01061604210035750421                    160421000000000400010400970011604210000250000000000000000000000000000000000000000000000000000000000000000000000000004000000000000000000000000000000000000000000000000000000010000000000000          0000188321888800000000000000000000000000000000000000000016
9027563094SICOOB CREDIARA          R D BOSCO                                         Centro                        38183228Araxá                         MG230420210000001500000000113                                                                                                                                                                                                                    000017
