02RETORNO01COBRANÇA       30940000327964316741J REZENDE - ME                756 - BANCOOB S/A 0307170000107                                                                                                                                                                                                                                                                                               000001
1022542123500018830940000316741000000                         00000000445701000000DM 00000000000000000000 01060307170007200717                    100717000000000294063400190010307170000250000000000000000000000000000000000000000000000000000000000000000000000000002940000000000000000000000000000000000000000000000000000010000000000000          0003609756063000000000000000000000000000000000000000000002
1022542123500018830940000316741000000                         00000001119901000000DM 00000000000000000000 01060307170016360717                    100717000000000349010400970010307170000250000000000000000000000000000000000000000000000000000000000000000000000000003490000000000000000000000000000000000000000000000000000010000000000000          0004340692069100000000000000000000000000000000000000000003
9027563094SICOOB CREDIARA          RUA MARIA RITA DE AGUIAR                          CENTRO                        38183236ARAXÁ                         MG050720170000000200000000113                                                                                                                                                                                                                    000004
