02RETORNO01COBRANÇA       30940000327964316741J REZENDE - ME                756 - BANCOOB S/A 1107170000117                                                                                                                                                                                                                                                                                               000001
1022542123500018830940000316741000000                         00000000222401000000DM 00000000000000000000 01091007170003210117                    100117000000000294075630940011007170000000000000000000000000000000000000000000000000000000000000000000000000000000002940000000000000000000000000000000000000000000000000000010000000000000          0001995483265300000000000000000000000000000000000000000002
1022542123500018830940000316741000000                         00000000240701000000DM 00000000000000000000 01061007170003300717                    100717000000000294010400970011007170000250000000000000000000000000000000000000000000000000000000000000000000000000002940000000000000000000000000000000000000000000000000000010000000000000          0000916024261200000000000000000000000000000000000000000003
1022542123500018830940000316741000000                         00000000391401000000DM 00000000000000000000 01091007170006510117                    100117000000000294075630940011007170000000000000000000000000000000000000000000000000000000000000000000000000000000002940000000000000000000000000000000000000000000000000000010000000000000          0006345744697000000000000000000000000000000000000000000004
1022542123500018830940000316741000000                         00000000603101000000DM 00000000000000000000 01061007170009010717                    100717000000000294010400970011007170000250000000000000000000000000000000000000000000000000000000000000000000000000002940000000000000000000000000000000000000000000000000000010000000000000          0009470166060400000000000000000000000000000000000000000005
1022542123500018830940000316741000000                         00000000885901000000DM 00000000000000000000 01091007170012200117                    100117000000000294075630940011007170000000000000000000000000000000000000000000000000000000000000000000000000000000002940000000000000000000000000000000000000000000000000000010000000000000          0005183755876000000000000000000000000000000000000000000006
1022542123500018830940000316741000000                         00000000933801000000DM 00000000000000000000 01091007170013510117                    100117000000000294075630940011007170000000000000000000000000000000000000000000000000000000000000000000000000000000002940000000000000000000000000000000000000000000000000000010000000000000          0009006468266800000000000000000000000000000000000000000007
1022542123500018830940000316741000000                         00000002332801000000DM 00000000000000000000 01091007170011100117                    100117000000000294075630940011007170000000000000000000000000000000000000000000000000000000000000000000000000000000002940000000000000000000000000000000000000000000000000000010000000000000          0005856618068200000000000000000000000000000000000000000008
1022542123500018830940000316741000000                         00000001986701000000DM 00000000000000000000 01061007170025800717                    100717000000000349010400970011007170000250000000000000000000000000000000000000000000000000000000000000000000000000003490000000000000000000000000000000000000000000000000000010000000000000          0007188615063000000000000000000000000000000000000000000009
1022542123500018830940000316741000000                         00000002496001000000DM 00000000000000000000 01061007170030420717                    100717000000000349010400970011007170000250000000000000000000000000000000000000000000000000000000000000000000000000003490000000000000000000000000000000000000000000000000000010000000000000          0001076302165200000000000000000000000000000000000000000010
1022542123500018830940000316741000000                         00000002274501000000DM 00000000000000000000 01061007170014950717                    100717000000000294010400970011007170000250000000000000000000000000000000000000000000000000000000000000000000000000002940000000000000000000000000000000000000000000000000000010000000000000          0000136752462800000000000000000000000000000000000000000011
1022542123500018830940000316741000000                         00000000831101000000DM 00000000000000000000 01061007170011230717                    100717000000000294010400970011007170000250000000000000000000000000000000000000000000000000000000000000000000000000002940000000000000000000000000000000000000000000000000000010000000000000          0000702724661900000000000000000000000000000000000000000012
1022542123500018830940000316741000000                         00000001413001000000DM 00000000000000000000 01091007170023620117                    100117000000000294075630940011007170000000000000000000000000000000000000000000000000000000000000000000000000000000002940000000000000000000000000000000000000000000000000000010000000000000          0009217048054400000000000000000000000000000000000000000013
1022542123500018830940000316741000000                         00000000126101000000DM 00000000000000000000 01091007170000600117                    100117000000000349075630940011007170000000000000000000000000000000000000000000000000000000000000000000000000000000003490000000000000000000000000000000000000000000000000000010000000000000          0005496202167200000000000000000000000000000000000000000014
1022542123500018830940000316741000000                         00000000517201000000DM 00000000000000000000 01061007170008390717                    100717000000000294010400970011007170000250000000000000000000000000000000000000000000000000000000000000000000000000002940000000000000000000000000000000000000000000000000000010000000000000          0004904386264900000000000000000000000000000000000000000015
1022542123500018830940000316741000000                         00000002404301000000DM 00000000000000000000 01091007170015600117                    100117000000000294075630940011007170000000000000000000000000000000000000000000000000000000000000000000000000000000002940000000000000000000000000000000000000000000000000000010000000000000          0000477735789900000000000000000000000000000000000000000016
1022542123500018830940000316741000000                         00000001286401000000DM 00000000000000000000 01061007170030190617                    100717000000000319010400970011007170000250000000000000000000000000000000000000000000000000000000000000000000000000003190000000000000000000000000000000000000000000000000000010000000000000          0000766983862000000000000000000000000000000000000000000017
1022542123500018830940000316741000000                         00000000288001000000DM 00000000000000000000 01061007170004140717                    100717000000000349003334670011007170000250000000000000000000000000000000000000000000000000000000000000000000000000003490000000000000000000000000000000000000000000000000000010000000000000          0000303613564200000000000000000000000000000000000000000018
1022542123500018830940000316741000000                         00000000385001000000DM 00000000000000000000 01061007170004730717                    100717000000000294010400970011007170000250000000000000000000000000000000000000000000000000000000000000000000000000002940000000000000000000000000000000000000000000000000000010000000000000          0004063987868700000000000000000000000000000000000000000019
1022542123500018830940000316741000000                         00000000499401000000DM 00000000000000000000 01091007170007930117                    100117000000000294075630940011007170000000000000000000000000000000000000000000000000000000000000000000000000000000002940000000000000000000000000000000000000000000000000000010000000000000          0005103575868700000000000000000000000000000000000000000020
1022542123500018830940000316741000000                         00000000915501000000DM 00000000000000000000 01061007170012340717                    100717000000000294075630940011007170000250000000000000000000000000000000000000000000000000000000000000000000000000002940000000000000000000000000000000000000000000000000000010000000000000          0008461066260400000000000000000000000000000000000000000021
1022542123500018830940000316741000000                         00000000969201000000DM 00000000000000000000 01091007170024350117                    100117000000000294075630940011007170000000000000000000000000000000000000000000000000000000000000000000000000000000002940000000000000000000000000000000000000000000000000000010000000000000          0008566563069100000000000000000000000000000000000000000022
1022542123500018830940000316741000000                         00000001569401000000DM 00000000000000000000 01091007170028940117                    100117000000000349075630940011007170000000000000000000000000000000000000000000000000000000000000000000000000000000003490000000000000000000000000000000000000000000000000000010000000000000          0007004592561500000000000000000000000000000000000000000023
1022542123500018830940000316741000000                         00000001587701000000DM 00000000000000000000 01061007170028970717                    100717000000000349010400970011007170000250000000000000000000000000000000000000000000000000000000000000000000000000003490000000000000000000000000000000000000000000000000000010000000000000          0005968516666800000000000000000000000000000000000000000024
1022542123500018830940000316741000000                         00000001635601000000DM 00000000000000000000 01061007170029220717                    100717000000000349000102100011007170000250000000000000000000000000000000000000000000000000000000000000000000000000003490000000000000000000000000000000000000000000000000000010000000000000          0005554795862000000000000000000000000000000000000000000025
1022542123500018830940000316741000000                         00000001824901000000DM 00000000000000000000 01091007170030400117                    100117000000000349075630940011007170000000000000000000000000000000000000000000000000000000000000000000000000000000003490000000000000000000000000000000000000000000000000000010000000000000          0009240028064900000000000000000000000000000000000000000026
1022542123500018830940000316741000000                         00000002148101000000DM 00000000000000000000 01091007170026890117                    100117000000000349075630940011007170000000000000000000000000000000000000000000000000000000000000000000000000000000003490000000000000000000000000000000000000000000000000000010000000000000          0000027534863600000000000000000000000000000000000000000027
1022542123500018830940000316741000000                         00000002214301000000DM 00000000000000000000 01061007170014420717                    100717000000000294010400970011007170000250000000000000000000000000000000000000000000000000000000000000000000000000002940000000000000000000000000000000000000000000000000000010000000000000          0000534757766500000000000000000000000000000000000000000028
1022542123500018830940000316741000000                         00000002428001000000DM 00000000000000000000 01091007170030201216                    100117000000000319075630940011007170000000000000000000000000000000000000000000000000000000000000000000000000000000003190000000000000000000000000000000000000000000000000000010000000000000          0000859660265800000000000000000000000000000000000000000029
1022542123500018830940000316741000000                         00000002421901000000DM 00000000000000000000 01091007171000111216                    100117000000000638075630940011007170000000000000000000000000000000000000000000000000000000000000000000000000000000006380000000000000000000000000000000000000000000000000000010000000000000          3874637600038400000000000000000000000000000000000000000030
1022542123500018830940000316741000000                         00000001267401000000DM 00000000000000000000 01061007170025540617                    100717000000000319010400970011007170000250000000000000000000000000000000000000000000000000000000000000000000000000003190000000000000000000000000000000000000000000000000000010000000000000          0006612599561500000000000000000000000000000000000000000031
1022542123500018830940000316741000000                         00000001029001000000DM 00000000000000000000 01091007170017830117                    100117000000000294075630940011007170000000000000000000000000000000000000000000000000000000000000000000000000000000002940000000000000000000000000000000000000000000000000000010000000000000          0007674540669100000000000000000000000000000000000000000032
1022542123500018830940000316741000000                         00000000681601000000DM 00000000000000000000 01091007170009500117                    100117000000000294075630940011007170000000000000000000000000000000000000000000000000000000000000000000000000000000002940000000000000000000000000000000000000000000000000000010000000000000          0002436214069700000000000000000000000000000000000000000033
1022542123500018830940000316741000000                         00000000415601000000DM 00000000000000000000 01091007170007010117                    100117000000000294075630940011007170000000000000000000000000000000000000000000000000000000000000000000000000000000002940000000000000000000000000000000000000000000000000000010000000000000          0006529267760400000000000000000000000000000000000000000034
1022542123500018830940000316741000000                         00000000537001000000DM 00000000000000000000 01091007170001540117                    100117000000000294075630940011007170000000000000000000000000000000000000000000000000000000000000000000000000000000002940000000000000000000000000000000000000000000000000000010000000000000          0008246321269100000000000000000000000000000000000000000035
1022542123500018830940000316741000000                         00000000868301000000DM 00000000000000000000 01101007170011880817                    100817000000000294075630940011007170000100000000000000000000000000000000000000000000000000000000000000000000000000002940000000000000000000000000000000000000000000000000000010000000000000          0009650926062000000000000000000000000000000000000000000036
1022542123500018830940000316741000000                         00000000870901000000DM 00000000000000000000 01101007170011881017                    101017000000000294075630940011007170000100000000000000000000000000000000000000000000000000000000000000000000000000002940000000000000000000000000000000000000000000000000000010000000000000          0009650926062000000000000000000000000000000000000000000037
1022542123500018830940000316741000000                         00000001884001000000DM 00000000000000000000 01091007170030360117                    100117000000000349075630940011007170000000000000000000000000000000000000000000000000000000000000000000000000000000003490000000000000000000000000000000000000000000000000000010000000000000          0003618392060600000000000000000000000000000000000000000038
9027563094SICOOB CREDIARA          RUA MARIA RITA DE AGUIAR                          CENTRO                        38183236ARAXÁ                         MG110720170000008900000000113                                                                                                                                                                                                                    000039
