02RETORNO01COBRANÇA       30940000327964316741J REZENDE - ME                756 - BANCOOB S/A 3107170000129                                                                                                                                                                                                                                                                                               000001
1022542123500018830940000316741000000                         00000000819201000000DM 00000000000000000000 01062807170011060717                    100717000000000294034184810012807170000250000000000000000000000000000000000000000000000000000000000000000000000000002944000000000000400000000000000000000000000000000000000010000000000000          0000306014564400000000000000000000000000000000000000000002
9027563094SICOOB CREDIARA          RUA MARIA RITA DE AGUIAR                          CENTRO                        38183236ARAXÁ                         MG310720170000000100000000113                                                                                                                                                                                                                    000003
