02RETORNO01COBRANÇA       30940000327964316741J REZENDE - ME                756 - BANCOOB S/A 1707170000120                                                                                                                                                                                                                                                                                               000001
1022542123500018830940000316741000000                         00000000531601000000DM 00000000000000000000 01061207170004160717                    100717000000000294075630940011207170000250000000000000000000000000000000000000000000000000000000000000000000000000003254000000000031400000000000000000000000000000000000000010000000000000          0009147587261500000000000000000000000000000000000000000002
1022542123500018830940000316741000000                         00000001779101000000DM 00000000000000000000 01061307170030140717                    260717000000000349010400970011307170000250000000000000000000000000000000000000000000000000000000000000000000000000003490000000000000000000000000000000000000000000000000000010000000000000          0000506908968400000000000000000000000000000000000000000003
9027563094SICOOB CREDIARA          RUA MARIA RITA DE AGUIAR                          CENTRO                        38183236ARAXÁ                         MG170720170000000200000000113                                                                                                                                                                                                                    000004
