02RETORNO01COBRANÇA       30940000327964316741J REZENDE - ME                756 - BANCOOB S/A 3103170000110                                                                                                                                                                                                                                                                                               000001
1022542123500018830940000316741000000                         00000000153001000000DM 00000000000000000000 01063103170000730417                    100417000000000294010400970013103170000250000000000000000000000000000000000000000000000000000000000000000000000000002940000000000000000000000000000000000000000000000000000010000000000000          0000243026943000000000000000000000000000000000000000000002
9027563094SICOOB CREDIARA          RUA MARIA RITA DE AGUIAR                          CENTRO                        38183236ARAXÁ                         MG050720170000000600000000113                                                                                                                                                                                                                    000003
