02RETORNO01COBRANÇA       30940000327964316741J REZENDE - ME                756 - BANCOOB S/A 0607170000112                                                                                                                                                                                                                                                                                               000001
1022542123500018830940000316741000000                         00000000373101000000DM 00000000000000000000 01060507170004350717                    100717000000000294034109440010507170000250000000000000000000000000000000000000000000000000000000000000000000000000002940000000000000000000000000000000000000000000000000000010000000000000          0001514063611500000000000000000000000000000000000000000002
1022542123500018830940000316741000000                         00000000192801000000DM 00000000000000000000 01060507170002470717                    100717000000000294010400970010507170000250000000000000000000000000000000000000000000000000000000000000000000000000002940000000000000000000000000000000000000000000000000000010000000000000          0000356167569700000000000000000000000000000000000000000003
1022542123500018830940000316741000000                         00000001467801000000DM 00000000000000000000 01060507170027730717                    100717000000000349010400970010507170000250000000000000000000000000000000000000000000000000000000000000000000000000003490000000000000000000000000000000000000000000000000000010000000000000          0006612363169100000000000000000000000000000000000000000004
1022542123500018830940000316741000000                         00000001854001000000DM 00000000000000000000 01060507170030330717                    100717000000000349010400970010507170000250000000000000000000000000000000000000000000000000000000000000000000000000003490000000000000000000000000000000000000000000000000000010000000000000          0008285259668700000000000000000000000000000000000000000005
1022542123500018830940000316741000000                         00000002682101000000DM 00000000000000000000 01060507171000240617                    100717000000005092010400970010507170000250000000000000000000000000000000000000000000000000000000000000000000000000050920000000000000000000000000000000000000000000000000000010000000000000          0488922000017900000000000000000000000000000000000000000006
1022542123500018830940000316741000000                         00000002226101000000DM 00000000000000000000 01060507170014430717                    100717000000000294010400970010507170000250000000000000000000000000000000000000000000000000000000000000000000000000002940000000000000000000000000000000000000000000000000000010000000000000          0000696140365400000000000000000000000000000000000000000007
1022542123500018830940000316741000000                         00000001914701000000DM 00000000000000000000 01060507170025190717                    100717000000000349010407080010507170000250000000000000000000000000000000000000000000000000000000000000000000000000003490000000000000000000000000000000000000000000000000000010000000000000          0008540006863400000000000000000000000000000000000000000008
1022542123500018830940000316741000000                         00000000699801000000DM 00000000000000000000 01060507170009530717                    100717000000000294010400970010507170000250000000000000000000000000000000000000000000000000000000000000000000000000002940000000000000000000000000000000000000000000000000000010000000000000          0004361846464900000000000000000000000000000000000000000009
1022542123500018830940000316741000000                         00000001503901000000DM 00000000000000000000 01060507170028160717                    100717000000000349010400970010507170000250000000000000000000000000000000000000000000000000000000000000000000000000003490000000000000000000000000000000000000000000000000000010000000000000          0008257197068200000000000000000000000000000000000000000010
1022542123500018830940000316741000000                         00000001215101000000DM 00000000000000000000 01060507170017950717                    100717000000000294010400970010507170000250000000000000000000000000000000000000000000000000000000000000000000000000002940000000000000000000000000000000000000000000000000000010000000000000          0000027258068600000000000000000000000000000000000000000011
1022542123500018830940000316741000000                         00000000252501000000DM 00000000000000000000 01060507170003720717                    100717000000000294010400970010507170000250000000000000000000000000000000000000000000000000000000000000000000000000002940000000000000000000000000000000000000000000000000000010000000000000          0000595338569200000000000000000000000000000000000000000012
1022542123500018830940000316741000000                         00000002250901000000DM 00000000000000000000 01060507170014580717                    100717000000000294010400970010507170000250000000000000000000000000000000000000000000000000000000000000000000000000002940000000000000000000000000000000000000000000000000000010000000000000          0002361630010000000000000000000000000000000000000000000013
9027563094SICOOB CREDIARA          RUA MARIA RITA DE AGUIAR                          CENTRO                        38183236ARAXÁ                         MG060720170000001200000000113                                                                                                                                                                                                                    000014
