02RETORNO01COBRANÇA       30940000327964316741J REZENDE - ME                756 - BANCOOB S/A 1206170000100                                                                                                                                                                                                                                                                                               000001
1022542123500018830940000316741000000                         00000002654501000000DM 00000000000000000000 01061206171000150517                    100617000000002561034199260011206170000250000000000000000000000000000000000000000000000000000000000000000000000000025610000000000000000000000000000000000000000000000000000010000000000000          7097303700093900000000000000000000000000000000000000000002
9027563094SICOOB CREDIARA          RUA MARIA RITA DE AGUIAR                          CENTRO                        38183236ARAXÁ                         MG130620170000004400000000113                                                                                                                                                                                                                    000003
