02RETORNO01COBRANÇA       30940000327964316741J REZENDE - ME                756 - BANCOOB S/A 3107170000126                                                                                                                                                                                                                                                                                               000001
1022542123500018830940000316741000000                         00000000361301000000DM 00000000000000000000 01061107170030410717                    100717000000000349075640790011107170000250000000000000000000000000000000000000000000000000000000000000000000000000003851000000000036100000000000000000000000000000000000000010000000000000          0006919796260000000000000000000000000000000000000000000002
1022542123500018830940000316741000000                         00000001779101000000DM 00000000000000000000 01061307170030140717                    260717000000000349010400970011307170000250000000000000000000000000000000000000000000000000000000000000000000000000003490000000000000000000000000000000000000000000000000000010000000000000          0000506908968400000000000000000000000000000000000000000003
1022542123500018830940000316741000000                         00000000531601000000DM 00000000000000000000 01061207170004160717                    100717000000000294075630940011207170000250000000000000000000000000000000000000000000000000000000000000000000000000003254000000000031400000000000000000000000000000000000000010000000000000          0009147587261500000000000000000000000000000000000000000004
1022542123500018830940000316741000000                         00000001107001000000DM 00000000000000000000 01061107170015980717                    100717000000000294075630940011107170000250000000000000000000000000000000000000000000000000000000000000000000000000003244000000000030400000000000000000000000000000000000000010000000000000          0007886934067800000000000000000000000000000000000000000005
9027563094SICOOB CREDIARA          RUA MARIA RITA DE AGUIAR                          CENTRO                        38183236ARAXÁ                         MG310720170000000400000000113                                                                                                                                                                                                                    000006
