02RETORNO01COBRANÇA       30940000327964316741J REZENDE - ME                756 - BANCOOB S/A 0407170000108                                                                                                                                                                                                                                                                                               000001
1022542123500018830940000316741000000                         00000000179101000000DM 00000000000000000000 01060407170001520717                    100717000000000294010400970010407170000250000000000000000000000000000000000000000000000000000000000000000000000000002940000000000000000000000000000000000000000000000000000010000000000000          0000719132169500000000000000000000000000000000000000000002
1022542123500018830940000316741000000                         00000002130001000000DM 00000000000000000000 01060407170026750717                    100717000000000349010400970010407170000250000000000000000000000000000000000000000000000000000000000000000000000000003490000000000000000000000000000000000000000000000000000010000000000000          0001130201368800000000000000000000000000000000000000000003
1022542123500018830940000316741000000                         00000001407601000000DM 00000000000000000000 01060407170023390717                    100717000000000349010400970010407170000250000000000000000000000000000000000000000000000000000000000000000000000000003490000000000000000000000000000000000000000000000000000010000000000000          0003615945069700000000000000000000000000000000000000000004
1022542123500018830940000316741000000                         00000001539301000000DM 00000000000000000000 01060407170028810717                    100717000000000349000102100010407170000250000000000000000000000000000000000000000000000000000000000000000000000000003490000000000000000000000000000000000000000000000000000010000000000000          0002729612165300000000000000000000000000000000000000000005
1022542123500018830940000316741000000                         00000002190101000000DM 00000000000000000000 01060407170027130717                    100717000000000349010400970010407170000250000000000000000000000000000000000000000000000000000000000000000000000000003490000000000000000000000000000000000000000000000000000010000000000000          0009652261564900000000000000000000000000000000000000000006
1022542123500018830940000316741000000                         00000001203301000000DM 00000000000000000000 01060407170017750717                    100717000000000294010400970010407170000250000000000000000000000000000000000000000000000000000000000000000000000000002940000000000000000000000000000000000000000000000000000010000000000000          0002729843469100000000000000000000000000000000000000000007
9027563094SICOOB CREDIARA          RUA MARIA RITA DE AGUIAR                          CENTRO                        38183236ARAXÁ                         MG050720170000000600000000113                                                                                                                                                                                                                    000008
