02RETORNO01COBRANÇA       30940000327964316741J REZENDE - ME                756 - BANCOOB S/A 2606170000114                                                                                                                                                                                                                                                                                               000001
1022542123500018830940000316741000000                         00000001335001000000DM 00000000000000000000 01062606170022690717                    100717000000000349010400970012606170000250000000000000000000000000000000000000000000000000000000000000000000000000003490000000000000000000000000000000000000000000000000000010000000000000          0006307307269100000000000000000000000000000000000000000002
9027563094SICOOB CREDIARA          RUA MARIA RITA DE AGUIAR                          CENTRO                        38183236ARAXÁ                         MG070720170000000100000000113                                                                                                                                                                                                                    000003
