02RETORNO01COBRANÇA       30940000327964316741J REZENDE - ME                756 - BANCOOB S/A 3107170000124                                                                                                                                                                                                                                                                                               000001
1022542123500018830940000316741000000                         00000000179101000000DM 00000000000000000000 01060407170001520717                    100717000000000294010400970010407170000250000000000000000000000000000000000000000000000000000000000000000000000000002940000000000000000000000000000000000000000000000000000010000000000000          0000719132169500000000000000000000000000000000000000000002
1022542123500018830940000316741000000                         00000002250901000000DM 00000000000000000000 01060507170014580717                    100717000000000294010400970010507170000250000000000000000000000000000000000000000000000000000000000000000000000000002940000000000000000000000000000000000000000000000000000010000000000000          0002361630010000000000000000000000000000000000000000000003
1022542123500018830940000316741000000                         00000001119901000000DM 00000000000000000000 01060307170016360717                    100717000000000349010400970010307170000250000000000000000000000000000000000000000000000000000000000000000000000000003490000000000000000000000000000000000000000000000000000010000000000000          0004340692069100000000000000000000000000000000000000000004
1022542123500018830940000316741000000                         00000001215101000000DM 00000000000000000000 01060507170017950717                    100717000000000294010400970010507170000250000000000000000000000000000000000000000000000000000000000000000000000000002940000000000000000000000000000000000000000000000000000010000000000000          0000027258068600000000000000000000000000000000000000000005
1022542123500018830940000316741000000                         00000002190101000000DM 00000000000000000000 01060407170027130717                    100717000000000349010400970010407170000250000000000000000000000000000000000000000000000000000000000000000000000000003490000000000000000000000000000000000000000000000000000010000000000000          0009652261564900000000000000000000000000000000000000000006
1022542123500018830940000316741000000                         00000002226101000000DM 00000000000000000000 01060507170014430717                    100717000000000294010400970010507170000250000000000000000000000000000000000000000000000000000000000000000000000000002940000000000000000000000000000000000000000000000000000010000000000000          0000696140365400000000000000000000000000000000000000000007
1022542123500018830940000316741000000                         00000000192801000000DM 00000000000000000000 01060507170002470717                    100717000000000294010400970010507170000250000000000000000000000000000000000000000000000000000000000000000000000000002940000000000000000000000000000000000000000000000000000010000000000000          0000356167569700000000000000000000000000000000000000000008
1022542123500018830940000316741000000                         00000000373101000000DM 00000000000000000000 01060507170004350717                    100717000000000294034109440010507170000250000000000000000000000000000000000000000000000000000000000000000000000000002940000000000000000000000000000000000000000000000000000010000000000000          0001514063611500000000000000000000000000000000000000000009
1022542123500018830940000316741000000                         00000000445701000000DM 00000000000000000000 01060307170007200717                    100717000000000294063400190010307170000250000000000000000000000000000000000000000000000000000000000000000000000000002940000000000000000000000000000000000000000000000000000010000000000000          0003609756063000000000000000000000000000000000000000000010
1022542123500018830940000316741000000                         00000001467801000000DM 00000000000000000000 01060507170027730717                    100717000000000349010400970010507170000250000000000000000000000000000000000000000000000000000000000000000000000000003490000000000000000000000000000000000000000000000000000010000000000000          0006612363169100000000000000000000000000000000000000000011
1022542123500018830940000316741000000                         00000001854001000000DM 00000000000000000000 01060507170030330717                    100717000000000349010400970010507170000250000000000000000000000000000000000000000000000000000000000000000000000000003490000000000000000000000000000000000000000000000000000010000000000000          0008285259668700000000000000000000000000000000000000000012
1022542123500018830940000316741000000                         00000002682101000000DM 00000000000000000000 01060507171000240617                    100717000000005092010400970010507170000250000000000000000000000000000000000000000000000000000000000000000000000000050920000000000000000000000000000000000000000000000000000010000000000000          0488922000017900000000000000000000000000000000000000000013
1022542123500018830940000316741000000                         00000000699801000000DM 00000000000000000000 01060507170009530717                    100717000000000294010400970010507170000250000000000000000000000000000000000000000000000000000000000000000000000000002940000000000000000000000000000000000000000000000000000010000000000000          0004361846464900000000000000000000000000000000000000000014
1022542123500018830940000316741000000                         00000001914701000000DM 00000000000000000000 01060507170025190717                    100717000000000349010407080010507170000250000000000000000000000000000000000000000000000000000000000000000000000000003490000000000000000000000000000000000000000000000000000010000000000000          0008540006863400000000000000000000000000000000000000000015
1022542123500018830940000316741000000                         00000001203301000000DM 00000000000000000000 01060407170017750717                    100717000000000294010400970010407170000250000000000000000000000000000000000000000000000000000000000000000000000000002940000000000000000000000000000000000000000000000000000010000000000000          0002729843469100000000000000000000000000000000000000000016
1022542123500018830940000316741000000                         00000001503901000000DM 00000000000000000000 01060507170028160717                    100717000000000349010400970010507170000250000000000000000000000000000000000000000000000000000000000000000000000000003490000000000000000000000000000000000000000000000000000010000000000000          0008257197068200000000000000000000000000000000000000000017
1022542123500018830940000316741000000                         00000000252501000000DM 00000000000000000000 01060507170003720717                    100717000000000294010400970010507170000250000000000000000000000000000000000000000000000000000000000000000000000000002940000000000000000000000000000000000000000000000000000010000000000000          0000595338569200000000000000000000000000000000000000000018
1022542123500018830940000316741000000                         00000001407601000000DM 00000000000000000000 01060407170023390717                    100717000000000349010400970010407170000250000000000000000000000000000000000000000000000000000000000000000000000000003490000000000000000000000000000000000000000000000000000010000000000000          0003615945069700000000000000000000000000000000000000000019
1022542123500018830940000316741000000                         00000002130001000000DM 00000000000000000000 01060407170026750717                    100717000000000349010400970010407170000250000000000000000000000000000000000000000000000000000000000000000000000000003490000000000000000000000000000000000000000000000000000010000000000000          0001130201368800000000000000000000000000000000000000000020
1022542123500018830940000316741000000                         00000001539301000000DM 00000000000000000000 01060407170028810717                    100717000000000349000102100010407170000250000000000000000000000000000000000000000000000000000000000000000000000000003490000000000000000000000000000000000000000000000000000010000000000000          0002729612165300000000000000000000000000000000000000000021
9027563094SICOOB CREDIARA          RUA MARIA RITA DE AGUIAR                          CENTRO                        38183236ARAXÁ                         MG310720170000002000000000113                                                                                                                                                                                                                    000022
