02RETORNO01COBRANÇA       30940000327964316741J REZENDE - ME                756 - BANCOOB S/A 1107170000118                                                                                                                                                                                                                                                                                               000001
1022542123500018830940000316741000000                         00000000415601000000DM 00000000000000000000 01091007170007010117                    100117000000000294075630940011007170000000000000000000000000000000000000000000000000000000000000000000000000000000002940000000000000000000000000000000000000000000000000000010000000000000          0006529267760400000000000000000000000000000000000000000002
1022542123500018830940000316741000000                         00000000537001000000DM 00000000000000000000 01091007170001540117                    100117000000000294075630940011007170000000000000000000000000000000000000000000000000000000000000000000000000000000002940000000000000000000000000000000000000000000000000000010000000000000          0008246321269100000000000000000000000000000000000000000003
1022542123500018830940000316741000000                         00000000681601000000DM 00000000000000000000 01091007170009500117                    100117000000000294075630940011007170000000000000000000000000000000000000000000000000000000000000000000000000000000002940000000000000000000000000000000000000000000000000000010000000000000          0002436214069700000000000000000000000000000000000000000004
1022542123500018830940000316741000000                         00000000868301000000DM 00000000000000000000 01101007170011880817                    100817000000000294075630940011007170000100000000000000000000000000000000000000000000000000000000000000000000000000002940000000000000000000000000000000000000000000000000000010000000000000          0009650926062000000000000000000000000000000000000000000005
1022542123500018830940000316741000000                         00000000870901000000DM 00000000000000000000 01101007170011881017                    101017000000000294075630940011007170000100000000000000000000000000000000000000000000000000000000000000000000000000002940000000000000000000000000000000000000000000000000000010000000000000          0009650926062000000000000000000000000000000000000000000006
1022542123500018830940000316741000000                         00000001884001000000DM 00000000000000000000 01091007170030360117                    100117000000000349075630940011007170000000000000000000000000000000000000000000000000000000000000000000000000000000003490000000000000000000000000000000000000000000000000000010000000000000          0003618392060600000000000000000000000000000000000000000007
1022542123500018830940000316741000000                         00000001938301000000DM 00000000000000000000 01061007170025420717                    100717000000000349034109440011007170000250000000000000000000000000000000000000000000000000000000000000000000000000003490000000000000000000000000000000000000000000000000000010000000000000          0002891803760000000000000000000000000000000000000000000008
1022542123500018830940000316741000000                         00000001950201000000DM 00000000000000000000 01061007170025530717                    100717000000000349010400970011007170000250000000000000000000000000000000000000000000000000000000000000000000000000003490000000000000000000000000000000000000000000000000000010000000000000          0000588234869200000000000000000000000000000000000000000009
1022542123500018830940000316741000000                         00000002673501000000DM 00000000000000000000 01061007171000070617                    100717000000000957034199260011007170000250000000000000000000000000000000000000000000000000000000000000000000000000009570000000000000000000000000000000000000000000000000000010000000000000          7097303700069600000000000000000000000000000000000000000010
1022542123500018830940000316741000000                         00000002676701000000DM 00000000000000000000 01061007171000120617                    100717000000002989534199260011007170000250000000000000000000000000000000000000000000000000000000000000000000000000029895000000000000000000000000000000000000000000000000000010000000000000          7097216100012200000000000000000000000000000000000000000011
1022542123500018830940000316741000000                         00000002679901000000DM 00000000000000000000 01061007171000110617                    100717000000002187063400190011007170000250000000000000000000000000000000000000000000000000000000000000000000000000021870000000000000000000000000000000000000000000000000000010000000000000          3874637600038400000000000000000000000000000000000000000012
1022542123500018830940000316741000000                         00000002304101000000DM 00000000000000000000 01091007170015560117                    100117000000000294075630940011007170000000000000000000000000000000000000000000000000000000000000000000000000000000002940000000000000000000000000000000000000000000000000000010000000000000          0006112200961500000000000000000000000000000000000000000013
1022542123500018830940000316741000000                         00000000872301000000DM 00000000000000000000 01101007170011881217                    101217000000000294075630940011007170000100000000000000000000000000000000000000000000000000000000000000000000000000002940000000000000000000000000000000000000000000000000000010000000000000          0009650926062000000000000000000000000000000000000000000014
1022542123500018830940000316741000000                         00000001707101000000DM 00000000000000000000 01061007170029710717                    100717000000000349010400970011007170000250000000000000000000000000000000000000000000000000000000000000000000000000003490000000000000000000000000000000000000000000000000000010000000000000          0002729840060600000000000000000000000000000000000000000015
1022542123500018830940000316741000000                         00000001797401000000DM 00000000000000000000 01091007170030290117                    100117000000000349075630940011007170000000000000000000000000000000000000000000000000000000000000000000000000000000003490000000000000000000000000000000000000000000000000000010000000000000          0001252081260500000000000000000000000000000000000000000016
1022542123500018830940000316741000000                         00000001860401000000DM 00000000000000000000 01091007170030350117                    100117000000000349075630940011007170000000000000000000000000000000000000000000000000000000000000000000000000000000003490000000000000000000000000000000000000000000000000000010000000000000          0001014402069600000000000000000000000000000000000000000017
1022542123500018830940000316741000000                         00000002678101000000DM 00000000000000000000 01061007171000080617                    100717000000002278563400190011007170000250000000000000000000000000000000000000000000000000000000000000000000000000022785000000000000000000000000000000000000000000000000000010000000000000          3874637600011200000000000000000000000000000000000000000018
1022542123500018830940000316741000000                         00000002680701000000DM 00000000000000000000 01061007171000140617                    100717000000000319063400190011007170000250000000000000000000000000000000000000000000000000000000000000000000000000003190000000000000000000000000000000000000000000000000000010000000000000          3874637600046500000000000000000000000000000000000000000019
1022542123500018830940000316741000000                         00000000126101000000DM 00000000000000000000 01091007170000600117                    100117000000000349075630940011007170000000000000000000000000000000000000000000000000000000000000000000000000000000003490000000000000000000000000000000000000000000000000000010000000000000          0005496202167200000000000000000000000000000000000000000020
1022542123500018830940000316741000000                         00000000517201000000DM 00000000000000000000 01061007170008390717                    100717000000000294010400970011007170000250000000000000000000000000000000000000000000000000000000000000000000000000002940000000000000000000000000000000000000000000000000000010000000000000          0004904386264900000000000000000000000000000000000000000021
1022542123500018830940000316741000000                         00000000831101000000DM 00000000000000000000 01061007170011230717                    100717000000000294010400970011007170000250000000000000000000000000000000000000000000000000000000000000000000000000002940000000000000000000000000000000000000000000000000000010000000000000          0000702724661900000000000000000000000000000000000000000022
1022542123500018830940000316741000000                         00000001413001000000DM 00000000000000000000 01091007170023620117                    100117000000000294075630940011007170000000000000000000000000000000000000000000000000000000000000000000000000000000002940000000000000000000000000000000000000000000000000000010000000000000          0009217048054400000000000000000000000000000000000000000023
1022542123500018830940000316741000000                         00000002274501000000DM 00000000000000000000 01061007170014950717                    100717000000000294010400970011007170000250000000000000000000000000000000000000000000000000000000000000000000000000002940000000000000000000000000000000000000000000000000000010000000000000          0000136752462800000000000000000000000000000000000000000024
1022542123500018830940000316741000000                         00000002404301000000DM 00000000000000000000 01091007170015600117                    100117000000000294075630940011007170000000000000000000000000000000000000000000000000000000000000000000000000000000002940000000000000000000000000000000000000000000000000000010000000000000          0000477735789900000000000000000000000000000000000000000025
1022542123500018830940000316741000000                         00000001286401000000DM 00000000000000000000 01061007170030190617                    100717000000000319010400970011007170000250000000000000000000000000000000000000000000000000000000000000000000000000003190000000000000000000000000000000000000000000000000000010000000000000          0000766983862000000000000000000000000000000000000000000026
1022542123500018830940000316741000000                         00000001239801000000DM 00000000000000000000 01061007170022660717                    100717000000000349010400970011007170000250000000000000000000000000000000000000000000000000000000000000000000000000003490000000000000000000000000000000000000000000000000000010000000000000          0004170441060600000000000000000000000000000000000000000027
1022542123500018830940000316741000000                         00000001737201000000DM 00000000000000000000 01091007170029780117                    100117000000000349075630940011007170000000000000000000000000000000000000000000000000000000000000000000000000000000003490000000000000000000000000000000000000000000000000000010000000000000          0000781177065200000000000000000000000000000000000000000028
1022542123500018830940000316741000000                         00000000869001000000DM 00000000000000000000 01101007170011880917                    100917000000000294075630940011007170000100000000000000000000000000000000000000000000000000000000000000000000000000002940000000000000000000000000000000000000000000000000000010000000000000          0009650926062000000000000000000000000000000000000000000029
1022542123500018830940000316741000000                         00000000871601000000DM 00000000000000000000 01101007170011881117                    101117000000000294075630940011007170000100000000000000000000000000000000000000000000000000000000000000000000000000002940000000000000000000000000000000000000000000000000000010000000000000          0009650926062000000000000000000000000000000000000000000030
1022542123500018830940000316741000000                         00000001167201000000DM 00000000000000000000 01061007170017340717                    100717000000000294010400970011007170000250000000000000000000000000000000000000000000000000000000000000000000000000002940000000000000000000000000000000000000000000000000000010000000000000          0006300667766800000000000000000000000000000000000000000031
1022542123500018830940000316741000000                         00000001185501000000DM 00000000000000000000 01091007170017670117                    100117000000000294075630940011007170000000000000000000000000000000000000000000000000000000000000000000000000000000002940000000000000000000000000000000000000000000000000000010000000000000          0000314784764000000000000000000000000000000000000000000032
1022542123500018830940000316741000000                         00000001896901000000DM 00000000000000000000 01091007170030380117                    100117000000000349075630940011007170000000000000000000000000000000000000000000000000000000000000000000000000000000003490000000000000000000000000000000000000000000000000000010000000000000          0000390944564000000000000000000000000000000000000000000033
1022542123500018830940000316741000000                         00000002429701000000DM 00000000000000000000 01091007170030211216                    100117000000000319075630940011007170000000000000000000000000000000000000000000000000000000000000000000000000000000003190000000000000000000000000000000000000000000000000000010000000000000          0000821220462600000000000000000000000000000000000000000034
1022542123500018830940000316741000000                         00000002478801000000DM 00000000000000000000 01091007170029720117                    100117000000000319075630940011007170000000000000000000000000000000000000000000000000000000000000000000000000000000003190000000000000000000000000000000000000000000000000000010000000000000          0001294552163600000000000000000000000000000000000000000035
1022542123500018830940000316741000000                         00000000355901000000DM 00000000000000000000 01091007170030410117                    100117000000000349075630940011007170000000000000000000000000000000000000000000000000000000000000000000000000000000003490000000000000000000000000000000000000000000000000000010000000000000          0006919796260000000000000000000000000000000000000000000036
1022542123500018830940000316741000000                         00000002674201000000DM 00000000000000000000 01061007171000090617                    100717000000000319034199260011007170000250000000000000000000000000000000000000000000000000000000000000000000000000003190000000000000000000000000000000000000000000000000000010000000000000          7097303700042400000000000000000000000000000000000000000037
1022542123500018830940000316741000000                         00000002677401000000DM 00000000000000000000 01061007171000150617                    100717000000001276034199260011007170000250000000000000000000000000000000000000000000000000000000000000000000000000012760000000000000000000000000000000000000000000000000000010000000000000          7097303700093900000000000000000000000000000000000000000038
1022542123500018830940000316741000000                         00000002058301000000DM 00000000000000000000 01061007170026060717                    100717000000000349010400970011007170000250000000000000000000000000000000000000000000000000000000000000000000000000003490000000000000000000000000000000000000000000000000000010000000000000          0004341197568700000000000000000000000000000000000000000039
1022542123500018830940000316741000000                         00000002094901000000DM 00000000000000000000 01061007170026650717                    100717000000000349034109440011007170000250000000000000000000000000000000000000000000000000000000000000000000000000003490000000000000000000000000000000000000000000000000000010000000000000          0000694769266000000000000000000000000000000000000000000040
1022542123500018830940000316741000000                         00000002106201000000DM 00000000000000000000 01061007170026710717                    100717000000000349010400970011007170000250000000000000000000000000000000000000000000000000000000000000000000000000003490000000000000000000000000000000000000000000000000000010000000000000          0005764341515300000000000000000000000000000000000000000041
1022542123500018830940000316741000000                         00000002262701000000DM 00000000000000000000 01061007170014700717                    100717000000000294010400970011007170000250000000000000000000000000000000000000000000000000000000000000000000000000002940000000000000000000000000000000000000000000000000000010000000000000          0008318973461500000000000000000000000000000000000000000042
1022542123500018830940000316741000000                         00000000168001000000DM 00000000000000000000 01061007170001140717                    100717000000000294010400970011007170000250000000000000000000000000000000000000000000000000000000000000000000000000002940000000000000000000000000000000000000000000000000000010000000000000          0004897155363400000000000000000000000000000000000000000043
1022542123500018830940000316741000000                         00000000114301000000DM 00000000000000000000 01091007170000480117                    100117000000000294075630940011007170000000000000000000000000000000000000000000000000000000000000000000000000000000002940000000000000000000000000000000000000000000000000000010000000000000          0005239992363400000000000000000000000000000000000000000044
1022542123500018830940000316741000000                         00000000457501000000DM 00000000000000000000 01061007170007350717                    100717000000000294010400970011007170000250000000000000000000000000000000000000000000000000000000000000000000000000002940000000000000000000000000000000000000000000000000000010000000000000          0001043534261400000000000000000000000000000000000000000045
1022542123500018830940000316741000000                         00000000873001000000DM 00000000000000000000 01091007170012100117                    100117000000000294075630940011007170000000000000000000000000000000000000000000000000000000000000000000000000000000002940000000000000000000000000000000000000000000000000000010000000000000          0007188717265300000000000000000000000000000000000000000046
1022542123500018830940000316741000000                         00000000879401000000DM 00000000000000000000 01061007170012100717                    100717000000000294010400970011007170000250000000000000000000000000000000000000000000000000000000000000000000000000002940000000000000000000000000000000000000000000000000000010000000000000          0007188717265300000000000000000000000000000000000000000047
1022542123500018830940000316741000000                         00000000891301000000DM 00000000000000000000 01061007170012200717                    100717000000000294010400970011007170000250000000000000000000000000000000000000000000000000000000000000000000000000002940000000000000000000000000000000000000000000000000000010000000000000          0005183755876000000000000000000000000000000000000000000048
1022542123500018830940000316741000000                         00000000765001000000DM 00000000000000000000 01091007170010620117                    100117000000000294075630940011007170000000000000000000000000000000000000000000000000000000000000000000000000000000002940000000000000000000000000000000000000000000000000000010000000000000          0000055756263500000000000000000000000000000000000000000049
1022542123500018830940000316741000000                         00000001473201000000DM 00000000000000000000 01091007170028110117                    100117000000000349075630940011007170000000000000000000000000000000000000000000000000000000000000000000000000000000003490000000000000000000000000000000000000000000000000000010000000000000          0000930495160700000000000000000000000000000000000000000050
1022542123500018830940000316741000000                         00000001491501000000DM 00000000000000000000 01061007170028150701                    100717000000000349010400970011007170000250000000000000000000000000000000000000000000000000000000000000000000000000003490000000000000000000000000000000000000000000000000000010000000000000          0001026372666500000000000000000000000000000000000000000051
1022542123500018830940000316741000000                         00000002196501000000DM 00000000000000000000 01091007170027360117                    100117000000000349075630940011007170000000000000000000000000000000000000000000000000000000000000000000000000000000003490000000000000000000000000000000000000000000000000000010000000000000          0006724457262000000000000000000000000000000000000000000052
1022542123500018830940000316741000000                         00000001599501000000DM 00000000000000000000 01061007170029010717                    100717000000000349010400970011007170000250000000000000000000000000000000000000000000000000000000000000000000000000003490000000000000000000000000000000000000000000000000000010000000000000          0002483652468700000000000000000000000000000000000000000053
1022542123500018830940000316741000000                         00000000963901000000DM 00000000000000000000 01061007170023970717                    100717000000000349010400970011007170000250000000000000000000000000000000000000000000000000000000000000000000000000003490000000000000000000000000000000000000000000000000000010000000000000          0007188737762000000000000000000000000000000000000000000054
1022542123500018830940000316741000000                         00000002344601000000DM 00000000000000000000 01091007170029790117                    100117000000000349075630940011007170000000000000000000000000000000000000000000000000000000000000000000000000000000003490000000000000000000000000000000000000000000000000000010000000000000          0000858497662000000000000000000000000000000000000000000055
1022542123500018830940000316741000000                         00000002362901000000DM 00000000000000000000 01061007170027500717                    100717000000000349034109440011007170000250000000000000000000000000000000000000000000000000000000000000000000000000003490000000000000000000000000000000000000000000000000000010000000000000          0000282899960200000000000000000000000000000000000000000056
1022542123500018830940000316741000000                         00000002423301000000DM 00000000000000000000 01091007171000141216                    100117000000000319075630940011007170000000000000000000000000000000000000000000000000000000000000000000000000000000003190000000000000000000000000000000000000000000000000000010000000000000          3874637600046500000000000000000000000000000000000000000057
1022542123500018830940000316741000000                         00000000288001000000DM 00000000000000000000 01061007170004140717                    100717000000000349003334670011007170000250000000000000000000000000000000000000000000000000000000000000000000000000003490000000000000000000000000000000000000000000000000000010000000000000          0000303613564200000000000000000000000000000000000000000058
1022542123500018830940000316741000000                         00000000385001000000DM 00000000000000000000 01061007170004730717                    100717000000000294010400970011007170000250000000000000000000000000000000000000000000000000000000000000000000000000002940000000000000000000000000000000000000000000000000000010000000000000          0004063987868700000000000000000000000000000000000000000059
1022542123500018830940000316741000000                         00000000499401000000DM 00000000000000000000 01091007170007930117                    100117000000000294075630940011007170000000000000000000000000000000000000000000000000000000000000000000000000000000002940000000000000000000000000000000000000000000000000000010000000000000          0005103575868700000000000000000000000000000000000000000060
1022542123500018830940000316741000000                         00000001569401000000DM 00000000000000000000 01091007170028940117                    100117000000000349075630940011007170000000000000000000000000000000000000000000000000000000000000000000000000000000003490000000000000000000000000000000000000000000000000000010000000000000          0007004592561500000000000000000000000000000000000000000061
1022542123500018830940000316741000000                         00000001587701000000DM 00000000000000000000 01061007170028970717                    100717000000000349010400970011007170000250000000000000000000000000000000000000000000000000000000000000000000000000003490000000000000000000000000000000000000000000000000000010000000000000          0005968516666800000000000000000000000000000000000000000062
1022542123500018830940000316741000000                         00000001635601000000DM 00000000000000000000 01061007170029220717                    100717000000000349000102100011007170000250000000000000000000000000000000000000000000000000000000000000000000000000003490000000000000000000000000000000000000000000000000000010000000000000          0005554795862000000000000000000000000000000000000000000063
1022542123500018830940000316741000000                         00000000915501000000DM 00000000000000000000 01061007170012340717                    100717000000000294075630940011007170000250000000000000000000000000000000000000000000000000000000000000000000000000002940000000000000000000000000000000000000000000000000000010000000000000          0008461066260400000000000000000000000000000000000000000064
1022542123500018830940000316741000000                         00000000969201000000DM 00000000000000000000 01091007170024350117                    100117000000000294075630940011007170000000000000000000000000000000000000000000000000000000000000000000000000000000002940000000000000000000000000000000000000000000000000000010000000000000          0008566563069100000000000000000000000000000000000000000065
1022542123500018830940000316741000000                         00000002148101000000DM 00000000000000000000 01091007170026890117                    100117000000000349075630940011007170000000000000000000000000000000000000000000000000000000000000000000000000000000003490000000000000000000000000000000000000000000000000000010000000000000          0000027534863600000000000000000000000000000000000000000066
1022542123500018830940000316741000000                         00000002214301000000DM 00000000000000000000 01061007170014420717                    100717000000000294010400970011007170000250000000000000000000000000000000000000000000000000000000000000000000000000002940000000000000000000000000000000000000000000000000000010000000000000          0000534757766500000000000000000000000000000000000000000067
1022542123500018830940000316741000000                         00000001824901000000DM 00000000000000000000 01091007170030400117                    100117000000000349075630940011007170000000000000000000000000000000000000000000000000000000000000000000000000000000003490000000000000000000000000000000000000000000000000000010000000000000          0009240028064900000000000000000000000000000000000000000068
1022542123500018830940000316741000000                         00000002428001000000DM 00000000000000000000 01091007170030201216                    100117000000000319075630940011007170000000000000000000000000000000000000000000000000000000000000000000000000000000003190000000000000000000000000000000000000000000000000000010000000000000          0000859660265800000000000000000000000000000000000000000069
1022542123500018830940000316741000000                         00000002421901000000DM 00000000000000000000 01091007171000111216                    100117000000000638075630940011007170000000000000000000000000000000000000000000000000000000000000000000000000000000006380000000000000000000000000000000000000000000000000000010000000000000          3874637600038400000000000000000000000000000000000000000070
1022542123500018830940000316741000000                         00000001267401000000DM 00000000000000000000 01061007170025540617                    100717000000000319010400970011007170000250000000000000000000000000000000000000000000000000000000000000000000000000003190000000000000000000000000000000000000000000000000000010000000000000          0006612599561500000000000000000000000000000000000000000071
1022542123500018830940000316741000000                         00000001029001000000DM 00000000000000000000 01091007170017830117                    100117000000000294075630940011007170000000000000000000000000000000000000000000000000000000000000000000000000000000002940000000000000000000000000000000000000000000000000000010000000000000          0007674540669100000000000000000000000000000000000000000072
1022542123500018830940000316741000000                         00000001785601000000DM 00000000000000000000 01091007170030180117                    100117000000000349075630940011007170000000000000000000000000000000000000000000000000000000000000000000000000000000003490000000000000000000000000000000000000000000000000000010000000000000          0000706059360800000000000000000000000000000000000000000073
1022542123500018830940000316741000000                         00000001059101000000DM 00000000000000000000 01061007170015610717                    100717000000000294010400970011007170000250000000000000000000000000000000000000000000000000000000000000000000000000002940000000000000000000000000000000000000000000000000000010000000000000          0000512874565100000000000000000000000000000000000000000074
1022542123500018830940000316741000000                         00000001095701000000DM 00000000000000000000 01061007170015840717                    100717000000000294010400970011007170000250000000000000000000000000000000000000000000000000000000000000000000000000002940000000000000000000000000000000000000000000000000000010000000000000          0006872201061000000000000000000000000000000000000000000075
1022542123500018830940000316741000000                         00000001713601000000DM 00000000000000000000 01091007170029730117                    100117000000000349075630940011007170000000000000000000000000000000000000000000000000000000000000000000000000000000003490000000000000000000000000000000000000000000000000000010000000000000          0007874980867200000000000000000000000000000000000000000076
1022542123500018830940000316741000000                         00000000463001000000DM 00000000000000000000 01091007170007400117                    100117000000000294075630940011007170000000000000000000000000000000000000000000000000000000000000000000000000000000002940000000000000000000000000000000000000000000000000000010000000000000          0005051206417200000000000000000000000000000000000000000077
1022542123500018830940000316741000000                         00000002675001000000DM 00000000000000000000 01061007171000100617                    100717000000000638034199260011007170000250000000000000000000000000000000000000000000000000000000000000000000000000006380000000000000000000000000000000000000000000000000000010000000000000          7097303700034300000000000000000000000000000000000000000078
1022542123500018830940000316741000000                         00000002681401000000DM 00000000000000000000 01061007171000210617                    100717000000000577575640790011007170000250000000000000000000000000000000000000000000000000000000000000000000000000005775000000000000000000000000000000000000000000000000000010000000000000          6522717500018100000000000000000000000000000000000000000079
1022542123500018830940000316741000000                         00000000222401000000DM 00000000000000000000 01091007170003210117                    100117000000000294075630940011007170000000000000000000000000000000000000000000000000000000000000000000000000000000002940000000000000000000000000000000000000000000000000000010000000000000          0001995483265300000000000000000000000000000000000000000080
1022542123500018830940000316741000000                         00000000240701000000DM 00000000000000000000 01061007170003300717                    100717000000000294010400970011007170000250000000000000000000000000000000000000000000000000000000000000000000000000002940000000000000000000000000000000000000000000000000000010000000000000          0000916024261200000000000000000000000000000000000000000081
1022542123500018830940000316741000000                         00000000391401000000DM 00000000000000000000 01091007170006510117                    100117000000000294075630940011007170000000000000000000000000000000000000000000000000000000000000000000000000000000002940000000000000000000000000000000000000000000000000000010000000000000          0006345744697000000000000000000000000000000000000000000082
1022542123500018830940000316741000000                         00000000885901000000DM 00000000000000000000 01091007170012200117                    100117000000000294075630940011007170000000000000000000000000000000000000000000000000000000000000000000000000000000002940000000000000000000000000000000000000000000000000000010000000000000          0005183755876000000000000000000000000000000000000000000083
1022542123500018830940000316741000000                         00000000933801000000DM 00000000000000000000 01091007170013510117                    100117000000000294075630940011007170000000000000000000000000000000000000000000000000000000000000000000000000000000002940000000000000000000000000000000000000000000000000000010000000000000          0009006468266800000000000000000000000000000000000000000084
1022542123500018830940000316741000000                         00000000615001000000DM 00000000000000000000 01061007170005350717                    100717000000000294010400970011007170000250000000000000000000000000000000000000000000000000000000000000000000000000002940000000000000000000000000000000000000000000000000000010000000000000          0000659773163800000000000000000000000000000000000000000085
1022542123500018830940000316741000000                         00000000675101000000DM 00000000000000000000 01061007170009450717                    100717000000000294010400970011007170000250000000000000000000000000000000000000000000000000000000000000000000000000002940000000000000000000000000000000000000000000000000000010000000000000          0009277825960000000000000000000000000000000000000000000086
1022542123500018830940000316741000000                         00000000603101000000DM 00000000000000000000 01061007170009010717                    100717000000000294010400970011007170000250000000000000000000000000000000000000000000000000000000000000000000000000002940000000000000000000000000000000000000000000000000000010000000000000          0009470166060400000000000000000000000000000000000000000087
1022542123500018830940000316741000000                         00000001986701000000DM 00000000000000000000 01061007170025800717                    100717000000000349010400970011007170000250000000000000000000000000000000000000000000000000000000000000000000000000003490000000000000000000000000000000000000000000000000000010000000000000          0007188615063000000000000000000000000000000000000000000088
1022542123500018830940000316741000000                         00000002332801000000DM 00000000000000000000 01091007170011100117                    100117000000000294075630940011007170000000000000000000000000000000000000000000000000000000000000000000000000000000002940000000000000000000000000000000000000000000000000000010000000000000          0005856618068200000000000000000000000000000000000000000089
1022542123500018830940000316741000000                         00000002496001000000DM 00000000000000000000 01061007170030420717                    100717000000000349010400970011007170000250000000000000000000000000000000000000000000000000000000000000000000000000003490000000000000000000000000000000000000000000000000000010000000000000          0001076302165200000000000000000000000000000000000000000090
9027563094SICOOB CREDIARA          RUA MARIA RITA DE AGUIAR                          CENTRO                        38183236ARAXÁ                         MG110720170000008900000000113                                                                                                                                                                                                                    000091
