02RETORNO01COBRANÇA       30940000327964316741J REZENDE - ME                756 - BANCOOB S/A 2407170000121                                                                                                                                                                                                                                                                                               000001
1022542123500018830940000316741000000                         00000002701701000000DM 00000000000000000000 01102107170030610717                    190717000000000349075630940012107170000100000000000000000000000000000000000000000000000000000000000000000000000000003490000000000000000000000000000000000000000000000000000010000000000000          0001017077665400000000000000000000000000000000000000000002
1022542123500018830940000316741000000                         00000002702401000000DM 00000000000000000000 01102107170030610717                    190717000000000500075630940012107170000100000000000000000000000000000000000000000000000000000000000000000000000000005000000000000000000000000000000000000000000000000000000010000000000000          0001017077665400000000000000000000000000000000000000000003
1022542123500018830940000316741000000                         00000000772101000000DM 00000000000000000000 01062107170010620817                    100817000000000294010400970012107170000250000000000000000000000000000000000000000000000000000000000000000000000000002940000000000000000000000000000000000000000000000000000010000000000000          0000055756263500000000000000000000000000000000000000000004
1022542123500018830940000316741000000                         00000002683901000000DM 00000000000000000000 01102107171000180617                    100717000000011554075630940012107170000100000000000000000000000000000000000000000000000000000000000000000000000000115540000000000000000000000000000000000000000000000000000010000000000000          1823706600016500000000000000000000000000000000000000000005
9027563094SICOOB CREDIARA          RUA MARIA RITA DE AGUIAR                          CENTRO                        38183236ARAXÁ                         MG240720170000000400000000113                                                                                                                                                                                                                    000006
