02RETORNO01COBRANÇA       30940000327964316741J REZENDE - ME                756 - BANCOOB S/A 1107170000118                                                                                                                                                                                                                                                                                               000001
1022542123500018830940000316741000000                         00000000415601000000DM 00000000000000000000 01091007170007010117                    100117000000000294075630940011007170000000000000000000000000000000000000000000000000000000000000000000000000000000002940000000000000000000000000000000000000000000000000000010000000000000          0006529267760400000000000000000000000000000000000000000002
1022542123500018830940000316741000000                         00000000537001000000DM 00000000000000000000 01091007170001540117                    100117000000000294075630940011007170000000000000000000000000000000000000000000000000000000000000000000000000000000002940000000000000000000000000000000000000000000000000000010000000000000          0008246321269100000000000000000000000000000000000000000003
1022542123500018830940000316741000000                         00000000681601000000DM 00000000000000000000 01091007170009500117                    100117000000000294075630940011007170000000000000000000000000000000000000000000000000000000000000000000000000000000002940000000000000000000000000000000000000000000000000000010000000000000          0002436214069700000000000000000000000000000000000000000004
1022542123500018830940000316741000000                         00000000868301000000DM 00000000000000000000 01101007170011880817                    100817000000000294075630940011007170000100000000000000000000000000000000000000000000000000000000000000000000000000002940000000000000000000000000000000000000000000000000000010000000000000          0009650926062000000000000000000000000000000000000000000005
1022542123500018830940000316741000000                         00000000870901000000DM 00000000000000000000 01101007170011881017                    101017000000000294075630940011007170000100000000000000000000000000000000000000000000000000000000000000000000000000002940000000000000000000000000000000000000000000000000000010000000000000          0009650926062000000000000000000000000000000000000000000006
1022542123500018830940000316741000000                         00000001884001000000DM 00000000000000000000 01091007170030360117                    100117000000000349075630940011007170000000000000000000000000000000000000000000000000000000000000000000000000000000003490000000000000000000000000000000000000000000000000000010000000000000          0003618392060600000000000000000000000000000000000000000007
1022542123500018830940000316741000000                         00000001938301000000DM 00000000000000000000 01061007170025420717                    100717000000000349034109440011007170000250000000000000000000000000000000000000000000000000000000000000000000000000003490000000000000000000000000000000000000000000000000000010000000000000          0002891803760000000000000000000000000000000000000000000008
1022542123500018830940000316741000000                         00000001950201000000DM 00000000000000000000 01061007170025530717                    100717000000000349010400970011007170000250000000000000000000000000000000000000000000000000000000000000000000000000003490000000000000000000000000000000000000000000000000000010000000000000          0000588234869200000000000000000000000000000000000000000009
1022542123500018830940000316741000000                         00000002673501000000DM 00000000000000000000 01061007171000070617                    100717000000000957034199260011007170000250000000000000000000000000000000000000000000000000000000000000000000000000009570000000000000000000000000000000000000000000000000000010000000000000          7097303700069600000000000000000000000000000000000000000010
1022542123500018830940000316741000000                         00000002676701000000DM 00000000000000000000 01061007171000120617                    100717000000002989534199260011007170000250000000000000000000000000000000000000000000000000000000000000000000000000029895000000000000000000000000000000000000000000000000000010000000000000          7097216100012200000000000000000000000000000000000000000011
1022542123500018830940000316741000000                         00000002679901000000DM 00000000000000000000 01061007171000110617                    100717000000002187063400190011007170000250000000000000000000000000000000000000000000000000000000000000000000000000021870000000000000000000000000000000000000000000000000000010000000000000          3874637600038400000000000000000000000000000000000000000012
1022542123500018830940000316741000000                         00000002304101000000DM 00000000000000000000 01091007170015560117                    100117000000000294075630940011007170000000000000000000000000000000000000000000000000000000000000000000000000000000002940000000000000000000000000000000000000000000000000000010000000000000          0006112200961500000000000000000000000000000000000000000013
1022542123500018830940000316741000000                         00000000872301000000DM 00000000000000000000 01101007170011881217                    101217000000000294075630940011007170000100000000000000000000000000000000000000000000000000000000000000000000000000002940000000000000000000000000000000000000000000000000000010000000000000          0009650926062000000000000000000000000000000000000000000014
1022542123500018830940000316741000000                         00000001707101000000DM 00000000000000000000 01061007170029710717                    100717000000000349010400970011007170000250000000000000000000000000000000000000000000000000000000000000000000000000003490000000000000000000000000000000000000000000000000000010000000000000          0002729840060600000000000000000000000000000000000000000015
9027563094SICOOB CREDIARA          RUA MARIA RITA DE AGUIAR                          CENTRO                        38183236ARAXÁ                         MG110720170000008900000000113                                                                                                                                                                                                                    000091
