02RETORNO01COBRANÇA       30940000327964316741J REZENDE - ME                756 - BANCOOB S/A 3006170000116                                                                                                                                                                                                                                                                                               000001
1022542123500018830940000316741000000                         00000001818401000000DM 00000000000000000000 01063006170030310717                    100717000000000349034164350013006170000250000000000000000000000000000000000000000000000000000000000000000000000000003490000000000000000000000000000000000000000000000000000010000000000000          0000848099966700000000000000000000000000000000000000000002
1022542123500018830940000316741000000                         00000002118001000000DM 00000000000000000000 01063006170026740717                    100717000000000349023716910013006170000250000000000000000000000000000000000000000000000000000000000000000000000000003490000000000000000000000000000000000000000000000000000010000000000000          0000954360460600000000000000000000000000000000000000000003
1022542123500018830940000316741000000                         00000001083901000000DM 00000000000000000000 01063006170015740717                    100717000000000294010400970013006170000250000000000000000000000000000000000000000000000000000000000000000000000000002940000000000000000000000000000000000000000000000000000010000000000000          0003615826760000000000000000000000000000000000000000000004
1022542123500018830940000316741000000                         00000002045801000000DM 00000000000000000000 01063006170026050617                    100617000000000349075630940013006170000250000000000000000000000000000000000000000000000000000000000000000000000000004030000000000054000000000000000000000000000000000000000010000000000000          0000258153466400000000000000000000000000000000000000000005
1022542123500018830940000316741000000                         00000000747701000000DM 00000000000000000000 01063006170010210717                    100717000000000294010400970013006170000250000000000000000000000000000000000000000000000000000000000000000000000000002940000000000000000000000000000000000000000000000000000010000000000000          0007187518269100000000000000000000000000000000000000000006
1022542123500018830940000316741000000                         00000000856501000000DM 00000000000000000000 01063006170011610817                    100817000000000294010400970013006170000250000000000000000000000000000000000000000000000000000000000000000000000000002940000000000000000000000000000000000000000000000000000010000000000000          0004342743060000000000000000000000000000000000000000000007
9027563094SICOOB CREDIARA          RUA MARIA RITA DE AGUIAR                          CENTRO                        38183236ARAXÁ                         MG070720170000000600000000113                                                                                                                                                                                                                    000008
