02RETORNO01COBRANÇA       30940000327964316741J REZENDE - ME                756 - BANCOOB S/A 0205170000111                                                                                                                                                                                                                                                                                               000001
1022542123500018830940000316741000000                         00000002188601000000DM 00000000000000000000 01060205170027130517                    100517000000000349010400970010205170000250000000000000000000000000000000000000000000000000000000000000000000000000003490000000000000000000000000000000000000000000000000000010000000000000          0009652261564900000000000000000000000000000000000000000002
9027563094SICOOB CREDIARA          RUA MARIA RITA DE AGUIAR                          CENTRO                        38183236ARAXÁ                         MG050720170000002700000000113                                                                                                                                                                                                                    000003
