02RETORNO01COBRANÇA       30940000327964316741J REZENDE                     756 - BANCOOB S/A 0609190000346                                                                                                                                                                                                                                                                                               000001
1022542123500018830940000316741000000                         00000005205401000000DM 00000000000000000000 01060509190015230919                    100919000000000324010400970010509190000250000000000000000000000000000000000000000000000000000000000000000000000000003240000000000000000000000000000000000000000000000000000010000000000000          0003225778362000000000000000000000000000000000000000000002
1022542123500018830940000316741000000                         00000005565101000000DM 00000000000000000000 01060309190028160919                    100919000000000374010400970010309190000250000000000000000000000000000000000000000000000000000000000000000000000000003740000000000000000000000000000000000000000000000000000010000000000000          0008257197068200000000000000000000000000000000000000000003
1022542123500018830940000316741000000                         00000005433401000000DM 00000000000000000000 01060409190025270919                    100919000000000374010400970010409190000250000000000000000000000000000000000000000000000000000000000000000000000000003740000000000000000000000000000000000000000000000000000010000000000000          0000677178867900000000000000000000000000000000000000000004
1022542123500018830940000316741000000                         00000004700801000000DM 00000000000000000000 01060509190002470919                    100919000000000324010400970010509190000250000000000000000000000000000000000000000000000000000000000000000000000000003240000000000000000000000000000000000000000000000000000010000000000000          0000356167569700000000000000000000000000000000000000000005
1022542123500018830940000316741000000                         00000005228301000000DM 00000000000000000000 01060409190015980819                    100819000000000324010400970010409190000250000000000000000000000000000000000000000000000000000000000000000000000000003270000000000003000000000000000000000000000000000000000010000000000000          0007886934067800000000000000000000000000000000000000000006
1022542123500018830940000316741000000                         00000005108401000000DM 00000000000000000000 01060509190013270919                    100919000000000324010400970010509190000250000000000000000000000000000000000000000000000000000000000000000000000000003240000000000000000000000000000000000000000000000000000010000000000000          0005974586069700000000000000000000000000000000000000000007
1022542123500018830940000316741000000                         00000004676501000000DM 00000000000000000000 01060409190001140919                    100919000000000324010400970010409190000250000000000000000000000000000000000000000000000000000000000000000000000000003240000000000000000000000000000000000000000000000000000010000000000000          0004897155363400000000000000000000000000000000000000000008
1022542123500018830940000316741000000                         00000005493601000000DM 00000000000000000000 01060409190026740919                    100919000000000374010400970010409190000250000000000000000000000000000000000000000000000000000000000000000000000000003740000000000000000000000000000000000000000000000000000010000000000000          0000954360460600000000000000000000000000000000000000000009
1022542123500018830940000316741000000                         00000005229001000000DM 00000000000000000000 01060409190015980919                    100919000000000324010400970010409190000250000000000000000000000000000000000000000000000000000000000000000000000000003240000000000000000000000000000000000000000000000000000010000000000000          0007886934067800000000000000000000000000000000000000000010
1022542123500018830940000316741000000                         00000005385501000000DM 00000000000000000000 01060509190024530919                    100919000000000374010400970010509190000250000000000000000000000000000000000000000000000000000000000000000000000000003740000000000000000000000000000000000000000000000000000010000000000000          0003607094764900000000000000000000000000000000000000000011
9027563094SICOOB CREDIARA          R D BOSCO                                         Centro                        38183228Araxá                         MG060920190000001000000000113                                                                                                                                                                                                                    000012
