02RETORNO01COBRANÇA       30940000327964316741J REZENDE                     756 - BANCOOB S/A 0609190000345                                                                                                                                                                                                                                                                                               000001
1022542123500018830940000316741000000                         00000005193001000000DM 00000000000000000000 01060209190014950919                    100919000000000324010400970010209190000250000000000000000000000000000000000000000000000000000000000000000000000000003240000000000000000000000000000000000000000000000000000010000000000000          0000136752462800000000000000000000000000000000000000000002
1022542123500018830940000316741000000                         00000005036901000000DM 00000000000000000000 01062808190010620919                    100919000000000324000102100012808190000250000000000000000000000000000000000000000000000000000000000000000000000000003240000000000000000000000000000000000000000000000000000010000000000000          0000055756263500000000000000000000000000000000000000000003
1022542123500018830940000316741000000                         00000005156801000000DM 00000000000000000000 01060209190030710819                    100819000000000374010400970010209190000250000000000000000000000000000000000000000000000000000000000000000000000000003772000000000003200000000000000000000000000000000000000010000000000000          0000953633063600000000000000000000000000000000000000000004
1022542123500018830940000316741000000                         00000005169301000000DM 00000000000000000000 01060209190014580919                    100919000000000324010400970010209190000250000000000000000000000000000000000000000000000000000000000000000000000000003240000000000000000000000000000000000000000000000000000010000000000000          0002361630010000000000000000000000000000000000000000000005
1022542123500018830940000316741000000                         00000004940601000000DM 00000000000000000000 01062908190008470919                    100919000000000374010400970012908190000250000000000000000000000000000000000000000000000000000000000000000000000000003740000000000000000000000000000000000000000000000000000010000000000000          0000150671660100000000000000000000000000000000000000000006
1022542123500018830940000316741000000                         00000004760001000000DM 00000000000000000000 01062908190004220919                    100919000000000324023716910012908190000250000000000000000000000000000000000000000000000000000000000000000000000000003240000000000000000000000000000000000000000000000000000010000000000000          0007415855469100000000000000000000000000000000000000000007
1022542123500018830940000316741000000                         00000005529601000000DM 00000000000000000000 01060209190027130919                    100919000000000374010400970010209190000250000000000000000000000000000000000000000000000000000000000000000000000000003740000000000000000000000000000000000000000000000000000010000000000000          0009652261564900000000000000000000000000000000000000000008
1022542123500018830940000316741000000                         00000005084201000000DM 00000000000000000000 01063008190011610919                    100919000000000324010400970013008190000250000000000000000000000000000000000000000000000000000000000000000000000000003240000000000000000000000000000000000000000000000000000010000000000000          0004342743060000000000000000000000000000000000000000000009
1022542123500018830940000316741000000                         00000005155001000000DM 00000000000000000000 01060209190030710719                    100719000000000374010400970010209190000250000000000000000000000000000000000000000000000000000000000000000000000000003811000000000007100000000000000000000000000000000000000010000000000000          0000953633063600000000000000000000000000000000000000000010
1022542123500018830940000316741000000                         00000005119501000000DM 00000000000000000000 01102808190013890819                    150819000000000324075630940012808190000100000000000000000000000000000000000000000000000000000000000000000000000000003240000000000000000000000000000000000000000000000000000010000000000000          0000690262868800000000000000000000000000000000000000000011
9027563094SICOOB CREDIARA          R D BOSCO                                         Centro                        38183228Araxá                         MG060920190000001000000000113                                                                                                                                                                                                                    000012
