02RETORNO01COBRANÇA       30940000327964316741J REZENDE                     756 - BANCOOB S/A 1209190000348                                                                                                                                                                                                                                                                                               000001
1022542123500018830940000316741000000                         00000005729001000000DM 00000000000000000000 01061009190030690919                    100919000000000374075630940011009190000250000000000000000000000000000000000000000000000000000000000000000000000000003740000000000000000000000000000000000000000000000000000010000000000000          0006037461660400000000000000000000000000000000000000000002
1022542123500018830940000316741000000                         00000005048701000000DM 00000000000000000000 01061009190010920919                    100919000000000324010400970011009190000250000000000000000000000000000000000000000000000000000000000000000000000000003240000000000000000000000000000000000000000000000000000010000000000000          0007570230469100000000000000000000000000000000000000000003
1022542123500018830940000316741000000                         00000005096001000000DM 00000000000000000000 01061009190012340919                    100919000000000324010400970011009190000250000000000000000000000000000000000000000000000000000000000000000000000000003240000000000000000000000000000000000000000000000000000010000000000000          0008461066260400000000000000000000000000000000000000000004
1022542123500018830940000316741000000                         00000004868001000000DM 00000000000000000000 01061009190005930919                    100919000000000324010400970011009190000250000000000000000000000000000000000000000000000000000000000000000000000000003240000000000000000000000000000000000000000000000000000010000000000000          0003023575860400000000000000000000000000000000000000000005
1022542123500018830940000316741000000                         00000005865701000000DM 00000000000000000000 01061009191000070819                    100919000000000349010400970011009190000250000000000000000000000000000000000000000000000000000000000000000000000000003490000000000000000000000000000000000000000000000000000010000000000000          7097303700069600000000000000000000000000000000000000000006
1022542123500018830940000316741000000                         00000005868901000000DM 00000000000000000000 01061009191000150819                    100919000000000349010400970011009190000250000000000000000000000000000000000000000000000000000000000000000000000000003490000000000000000000000000000000000000000000000000000010000000000000          7097303700093900000000000000000000000000000000000000000007
1022542123500018830940000316741000000                         00000005373701000000DM 00000000000000000000 01061009190023970919                    100919000000000374010400970011009190000250000000000000000000000000000000000000000000000000000000000000000000000000003740000000000000000000000000000000000000000000000000000010000000000000          0007188737762000000000000000000000000000000000000000000008
1022542123500018830940000316741000000                         00000005181201000000DM 00000000000000000000 01061009190014700919                    100919000000000324010400970011009190000250000000000000000000000000000000000000000000000000000000000000000000000000003240000000000000000000000000000000000000000000000000000010000000000000          0008318973461500000000000000000000000000000000000000000009
1022542123500018830940000316741000000                         00000004772801000000DM 00000000000000000000 01061009190004270919                    100919000000000324010400970011009190000250000000000000000000000000000000000000000000000000000000000000000000000000003240000000000000000000000000000000000000000000000000000010000000000000          0000329979965700000000000000000000000000000000000000000010
1022542123500018830940000316741000000                         00000004736201000000DM 00000000000000000000 01061009190004140919                    100919000000000374003334670011009190000250000000000000000000000000000000000000000000000000000000000000000000000000003740000000000000000000000000000000000000000000000000000010000000000000          0000303613564200000000000000000000000000000000000000000011
1022542123500018830940000316741000000                         00000005873601000000DM 00000000000000000000 01061009191000260819                    100919000000004317075630940011009190000250000000000000000000000000000000000000000000000000000000000000000000000000043170000000000000000000000000000000000000000000000000000010000000000000          0098386400017000000000000000000000000000000000000000000012
1022542123500018830940000316741000000                         00000005541501000000DM 00000000000000000000 01061009190027500919                    100919000000000374010400970011009190000250000000000000000000000000000000000000000000000000000000000000000000000000003740000000000000000000000000000000000000000000000000000010000000000000          0000282899960200000000000000000000000000000000000000000013
1022542123500018830940000316741000000                         00000005866401000000DM 00000000000000000000 01061009191000100819                    100919000000000698010400970011009190000250000000000000000000000000000000000000000000000000000000000000000000000000006980000000000000000000000000000000000000000000000000000010000000000000          7097303700034300000000000000000000000000000000000000000014
1022542123500018830940000316741000000                         00000004664701000000DM 00000000000000000000 01061009190000410919                    100919000000000324010400970011009190000250000000000000000000000000000000000000000000000000000000000000000000000000003240000000000000000000000000000000000000000000000000000010000000000000          0000565324365500000000000000000000000000000000000000000015
1022542123500018830940000316741000000                         00000005469901000000DM 00000000000000000000 01061009190026650919                    100919000000000374034109440011009190000250000000000000000000000000000000000000000000000000000000000000000000000000003740000000000000000000000000000000000000000000000000000010000000000000          0000694769266000000000000000000000000000000000000000000016
1022542123500018830940000316741000000                         00000004784601000000DM 00000000000000000000 01061109190004350919                    100919000000000324010401420011109190000250000000000000000000000000000000000000000000000000000000000000000000000000003244000000000000400000000000000000000000000000000000000010000000000000          0001514063611500000000000000000000000000000000000000000017
1022542123500018830940000316741000000                         00000005577001000000DM 00000000000000000000 01061009190028810919                    100919000000000374010400970011009190000250000000000000000000000000000000000000000000000000000000000000000000000000003740000000000000000000000000000000000000000000000000000010000000000000          0002729612165300000000000000000000000000000000000000000018
1022542123500018830940000316741000000                         00000005867101000000DM 00000000000000000000 01061009191000120819                    100919000000000349000102100011009190000250000000000000000000000000000000000000000000000000000000000000000000000000003490000000000000000000000000000000000000000000000000000010000000000000          7097216100012200000000000000000000000000000000000000000019
1022542123500018830940000316741000000                         00000005872901000000DM 00000000000000000000 01061009191000250819                    100919000000000388010400970011009190000250000000000000000000000000000000000000000000000000000000000000000000000000003880000000000000000000000000000000000000000000000000000010000000000000          2604146700017300000000000000000000000000000000000000000020
9027563094SICOOB CREDIARA          R D BOSCO                                         Centro                        38183228Araxá                         MG120920190000001900000000113                                                                                                                                                                                                                    000021
