02RETORNO01COBRANÇA       30940000327964316741J REZENDE                     756 - BANCOOB S/A 1209190000349                                                                                                                                                                                                                                                                                               000001
1022542123500018830940000316741000000                         00000004846801000000DM 00000000000000000000 01061208190005351119                    101119000000000324010400970011208190000250000000000000000000000000000000000000000000000000000000000000000000000000003240000000000000000000000000000000000000000000000000000010000000000000          0000659773163800000000000000000000000000000000000000000002
1022542123500018830940000316741000000                         00000005438001000000DM 00000000000000000000 01091208190025960219                    100219000000000374075630940011208190000100000000000000000000000000000000000000000000000000000000000000000000000000003740000000000000000000000000000000000000000000000000000010000000000000          0009277829168700000000000000000000000000000000000000000003
1022542123500018830940000316741000000                         00000005474601000000DM 00000000000000000000 01091208190026730219                    100219000000000374075630940011208190000100000000000000000000000000000000000000000000000000000000000000000000000000003740000000000000000000000000000000000000000000000000000010000000000000          0000945536569300000000000000000000000000000000000000000004
1022542123500018830940000316741000000                         00000005540801000000DM 00000000000000000000 01061208190027500819                    100819000000000374010400970011208190000250000000000000000000000000000000000000000000000000000000000000000000000000003740000000000000000000000000000000000000000000000000000010000000000000          0000282899960200000000000000000000000000000000000000000005
1022542123500018830940000316741000000                         00000005594501000000DM 00000000000000000000 01091208190028970219                    100219000000000374075630940011208190000100000000000000000000000000000000000000000000000000000000000000000000000000003740000000000000000000000000000000000000000000000000000010000000000000          0005968516666800000000000000000000000000000000000000000006
1022542123500018830940000316741000000                         00000004845001000000DM 00000000000000000000 01061208190005351019                    101019000000000324010400970011208190000250000000000000000000000000000000000000000000000000000000000000000000000000003240000000000000000000000000000000000000000000000000000010000000000000          0000659773163800000000000000000000000000000000000000000007
1022542123500018830940000316741000000                         00000005710001000000DM 00000000000000000000 01091208190030700219                    100219000000000374075630940011208190000100000000000000000000000000000000000000000000000000000000000000000000000000003740000000000000000000000000000000000000000000000000000010000000000000          0001212798465000000000000000000000000000000000000000000008
1022542123500018830940000316741000000                         00000005366501000000DM 00000000000000000000 01091208190023970219                    100219000000000374075630940011208190000100000000000000000000000000000000000000000000000000000000000000000000000000003740000000000000000000000000000000000000000000000000000010000000000000          0007188737762000000000000000000000000000000000000000000009
1022542123500018830940000316741000000                         00000005384801000000DM 00000000000000000000 01061208190024530819                    100819000000000374010400970011208190000250000000000000000000000000000000000000000000000000000000000000000000000000003740000000000000000000000000000000000000000000000000000010000000000000          0003607094764900000000000000000000000000000000000000000010
1022542123500018830940000316741000000                         00000005095301000000DM 00000000000000000000 01061208190012340819                    100819000000000324075630940011208190000250000000000000000000000000000000000000000000000000000000000000000000000000003240000000000000000000000000000000000000000000000000000010000000000000          0008461066260400000000000000000000000000000000000000000011
1022542123500018830940000316741000000                         00000005772701000000DM 00000000000000000000 01091208191000180119                    100219000000002443075630940011208190000100000000000000000000000000000000000000000000000000000000000000000000000000024430000000000000000000000000000000000000000000000000000010000000000000          1823706600016500000000000000000000000000000000000000000012
1022542123500018830940000316741000000                         00000005857801000000DM 00000000000000000000 01061208191000100719                    100819000000000698000142020011208190000250000000000000000000000000000000000000000000000000000000000000000000000000006980000000000000000000000000000000000000000000000000000010000000000000          7097303700034300000000000000000000000000000000000000000013
1022542123500018830940000316741000000                         00000004813501000000DM 00000000000000000000 01091208190004910219                    100219000000000324075630940011208190000100000000000000000000000000000000000000000000000000000000000000000000000000003240000000000000000000000000000000000000000000000000000010000000000000          0002624052160400000000000000000000000000000000000000000014
1022542123500018830940000316741000000                         00000004867201000000DM 00000000000000000000 01061208190005930819                    100819000000000324010400970011208190000250000000000000000000000000000000000000000000000000000000000000000000000000003240000000000000000000000000000000000000000000000000000010000000000000          0003023575860400000000000000000000000000000000000000000015
1022542123500018830940000316741000000                         00000004885501000000DM 00000000000000000000 01091208190006510219                    100219000000000324075630940011208190000100000000000000000000000000000000000000000000000000000000000000000000000000003240000000000000000000000000000000000000000000000000000010000000000000          0006345744697000000000000000000000000000000000000000000016
1022542123500018830940000316741000000                         00000005558001000000DM 00000000000000000000 01091208190028160219                    100219000000000374075630940011208190000100000000000000000000000000000000000000000000000000000000000000000000000000003740000000000000000000000000000000000000000000000000000010000000000000          0008257197068200000000000000000000000000000000000000000017
1022542123500018830940000316741000000                         00000005630601000000DM 00000000000000000000 01091208190029630219                    100219000000000374075630940011208190000100000000000000000000000000000000000000000000000000000000000000000000000000003740000000000000000000000000000000000000000000000000000010000000000000          0000559499965500000000000000000000000000000000000000000018
1022542123500018830940000316741000000                         00000004747301000000DM 00000000000000000000 01061208190004160819                    100819000000000324034109440011208190000250000000000000000000000000000000000000000000000000000000000000000000000000003240000000000000000000000000000000000000000000000000000010000000000000          0009147587261500000000000000000000000000000000000000000019
1022542123500018830940000316741000000                         00000004844301000000DM 00000000000000000000 01061208190005350919                    100919000000000324010400970011208190000250000000000000000000000000000000000000000000000000000000000000000000000000003240000000000000000000000000000000000000000000000000000010000000000000          0000659773163800000000000000000000000000000000000000000020
1022542123500018830940000316741000000                         00000004847501000000DM 00000000000000000000 01061208190005351219                    101219000000000324010400970011208190000250000000000000000000000000000000000000000000000000000000000000000000000000003240000000000000000000000000000000000000000000000000000010000000000000          0000659773163800000000000000000000000000000000000000000021
1022542123500018830940000316741000000                         00000005510701000000DM 00000000000000000000 01091208190027000219                    100219000000000374075630940011208190000100000000000000000000000000000000000000000000000000000000000000000000000000003740000000000000000000000000000000000000000000000000000010000000000000          0000487456467400000000000000000000000000000000000000000022
1022542123500018830940000316741000000                         00000005618701000000DM 00000000000000000000 01091208190029060219                    100219000000000374075630940011208190000100000000000000000000000000000000000000000000000000000000000000000000000000003740000000000000000000000000000000000000000000000000000010000000000000          0007331229087200000000000000000000000000000000000000000023
1022542123500018830940000316741000000                         00000005860001000000DM 00000000000000000000 01061208191000150719                    100819000000000349000142020011208190000250000000000000000000000000000000000000000000000000000000000000000000000000003490000000000000000000000000000000000000000000000000000010000000000000          7097303700093900000000000000000000000000000000000000000024
1022542123500018830940000316741000000                         00000004879001000000DM 00000000000000000000 01061208190006480819                    100819000000000374010400970011208190000250000000000000000000000000000000000000000000000000000000000000000000000000003740000000000000000000000000000000000000000000000000000010000000000000          0001612677762000000000000000000000000000000000000000000025
1022542123500018830940000316741000000                         00000004945201000000DM 00000000000000000000 01091208190008690219                    100219000000000324075630940011208190000100000000000000000000000000000000000000000000000000000000000000000000000000003240000000000000000000000000000000000000000000000000000010000000000000          0000027442861000000000000000000000000000000000000000000026
1022542123500018830940000316741000000                         00000005192301000000DM 00000000000000000000 01061208190014950819                    100819000000000324010400970011208190000250000000000000000000000000000000000000000000000000000000000000000000000000003240000000000000000000000000000000000000000000000000000010000000000000          0000136752462800000000000000000000000000000000000000000027
1022542123500018830940000316741000000                         00000005654201000000DM 00000000000000000000 01091208190029710219                    100219000000000374075630940011208190000100000000000000000000000000000000000000000000000000000000000000000000000000003740000000000000000000000000000000000000000000000000000010000000000000          0002729840060600000000000000000000000000000000000000000028
1022542123500018830940000316741000000                         00000005690801000000DM 00000000000000000000 01091208190030680219                    100219000000000374075630940011208190000100000000000000000000000000000000000000000000000000000000000000000000000000003740000000000000000000000000000000000000000000000000000010000000000000          0000377887650300000000000000000000000000000000000000000029
1022542123500018830940000316741000000                         00000004735501000000DM 00000000000000000000 01061208190004140819                    100819000000000374003334670011208190000250000000000000000000000000000000000000000000000000000000000000000000000000003740000000000000000000000000000000000000000000000000000010000000000000          0000303613564200000000000000000000000000000000000000000030
1022542123500018830940000316741000000                         00000005856001000000DM 00000000000000000000 01061208191000070719                    100819000000000349000142020011208190000250000000000000000000000000000000000000000000000000000000000000000000000000003490000000000000000000000000000000000000000000000000000010000000000000          7097303700069600000000000000000000000000000000000000000031
1022542123500018830940000316741000000                         00000005258401000000DM 00000000000000000000 01091208190017340219                    100219000000000324075630940011208190000100000000000000000000000000000000000000000000000000000000000000000000000000003240000000000000000000000000000000000000000000000000000010000000000000          0006300667766800000000000000000000000000000000000000000032
1022542123500018830940000316741000000                         00000005270301000000DM 00000000000000000000 01091208190017750219                    100219000000000324075630940011208190000100000000000000000000000000000000000000000000000000000000000000000000000000003240000000000000000000000000000000000000000000000000000010000000000000          0002729843469100000000000000000000000000000000000000000033
1022542123500018830940000316741000000                         00000005306301000000DM 00000000000000000000 01091208190022660219                    100219000000000374075630940011208190000100000000000000000000000000000000000000000000000000000000000000000000000000003740000000000000000000000000000000000000000000000000000010000000000000          0004170441060600000000000000000000000000000000000000000034
1022542123500018830940000316741000000                         00000005342901000000DM 00000000000000000000 01091208190023040219                    100219000000000374075630940011208190000100000000000000000000000000000000000000000000000000000000000000000000000000003740000000000000000000000000000000000000000000000000000010000000000000          0004225353567200000000000000000000000000000000000000000035
1022542123500018830940000316741000000                         00000004849001000000DM 00000000000000000000 01091208190005450219                    100219000000000324075630940011208190000100000000000000000000000000000000000000000000000000000000000000000000000000003240000000000000000000000000000000000000000000000000000010000000000000          0003013578866800000000000000000000000000000000000000000036
1022542123500018830940000316741000000                         00000004993601000000DM 00000000000000000000 01091208190010200219                    100219000000000374075630940011208190000100000000000000000000000000000000000000000000000000000000000000000000000000003740000000000000000000000000000000000000000000000000000010000000000000          0003616071763400000000000000000000000000000000000000000037
1022542123500018830940000316741000000                         00000005047001000000DM 00000000000000000000 01061208190010920819                    100819000000000324010400970011208190000250000000000000000000000000000000000000000000000000000000000000000000000000003240000000000000000000000000000000000000000000000000000010000000000000          0007570230469100000000000000000000000000000000000000000038
1022542123500018830940000316741000000                         00000005053401000000DM 00000000000000000000 01091208190011030219                    100219000000000324075630940011208190000100000000000000000000000000000000000000000000000000000000000000000000000000003240000000000000000000000000000000000000000000000000000010000000000000          0008715135969100000000000000000000000000000000000000000039
1022542123500018830940000316741000000                         00000005795601000000DM 00000000000000000000 01061208190029270819                    100819000000000374010407080011208190000250000000000000000000000000000000000000000000000000000000000000000000000000003740000000000000000000000000000000000000000000000000000010000000000000          0001166686868000000000000000000000000000000000000000000040
1022542123500018830940000316741000000                         00000005861801000000DM 00000000000000000000 01061208191000210719                    100819000000000526510400970011208190000250000000000000000000000000000000000000000000000000000000000000000000000000005265000000000000000000000000000000000000000000000000000010000000000000          6522717500018100000000000000000000000000000000000000000041
1022542123500018830940000316741000000                         00000005125001000000DM 00000000000000000000 01091208190014430219                    100219000000000324075630940011208190000100000000000000000000000000000000000000000000000000000000000000000000000000003240000000000000000000000000000000000000000000000000000010000000000000          0000696140365400000000000000000000000000000000000000000042
1022542123500018830940000316741000000                         00000005294001000000DM 00000000000000000000 01091208190017950219                    100219000000000324075630940011208190000100000000000000000000000000000000000000000000000000000000000000000000000000003240000000000000000000000000000000000000000000000000000010000000000000          0000027258068600000000000000000000000000000000000000000043
1022542123500018830940000316741000000                         00000005318101000000DM 00000000000000000000 01091208190022690219                    100219000000000374075630940011208190000100000000000000000000000000000000000000000000000000000000000000000000000000003740000000000000000000000000000000000000000000000000000010000000000000          0006307307269100000000000000000000000000000000000000000044
1022542123500018830940000316741000000                         00000005330001000000DM 00000000000000000000 01091208190022820219                    100219000000000324075630940011208190000100000000000000000000000000000000000000000000000000000000000000000000000000003240000000000000000000000000000000000000000000000000000010000000000000          0007188059365300000000000000000000000000000000000000000045
1022542123500018830940000316741000000                         00000005354701000000DM 00000000000000000000 01091208190023390219                    100219000000000374075630940011208190000100000000000000000000000000000000000000000000000000000000000000000000000000003740000000000000000000000000000000000000000000000000000010000000000000          0003615945069700000000000000000000000000000000000000000046
1022542123500018830940000316741000000                         00000005402601000000DM 00000000000000000000 01091208190024730219                    100219000000000374075630940011208190000100000000000000000000000000000000000000000000000000000000000000000000000000003740000000000000000000000000000000000000000000000000000010000000000000          0001603579869100000000000000000000000000000000000000000047
1022542123500018830940000316741000000                         00000005864001000000DM 00000000000000000000 01061208191000120719                    100819000000000349000102100011208190000250000000000000000000000000000000000000000000000000000000000000000000000000003490000000000000000000000000000000000000000000000000000010000000000000          7097216100012200000000000000000000000000000000000000000048
9027563094SICOOB CREDIARA          R D BOSCO                                         Centro                        38183228Araxá                         MG120920190000004700000000113                                                                                                                                                                                                                    000049
