02RETORNO01COBRANÇA       30940000327964316741J REZENDE                     756 - BANCOOB S/A 1009190000347                                                                                                                                                                                                                                                                                               000001
1022542123500018830940000316741000000                         00000005241001000000DM 00000000000000000000 01060609190016360919                    100919000000000374010400970010609190000250000000000000000000000000000000000000000000000000000000000000000000000000003740000000000000000000000000000000000000000000000000000010000000000000          0004340692069100000000000000000000000000000000000000000002
1022542123500018830940000316741000000                         00000005349001000000DM 00000000000000000000 01060909190023040919                    100919000000000374010400970010909190000250000000000000000000000000000000000000000000000000000000000000000000000000003740000000000000000000000000000000000000000000000000000010000000000000          0004225353567200000000000000000000000000000000000000000003
1022542123500018830940000316741000000                         00000005355401000000DM 00000000000000000000 01090909190023390319                    100319000000000374075630940010909190000100000000000000000000000000000000000000000000000000000000000000000000000000003740000000000000000000000000000000000000000000000000000010000000000000          0003615945069700000000000000000000000000000000000000000004
1022542123500018830940000316741000000                         00000005403301000000DM 00000000000000000000 01090909190024730319                    100319000000000374075630940010909190000100000000000000000000000000000000000000000000000000000000000000000000000000003740000000000000000000000000000000000000000000000000000010000000000000          0001603579869100000000000000000000000000000000000000000005
1022542123500018830940000316741000000                         00000005475301000000DM 00000000000000000000 01090909190026730319                    100319000000000374075630940010909190000100000000000000000000000000000000000000000000000000000000000000000000000000003740000000000000000000000000000000000000000000000000000010000000000000          0000945536569300000000000000000000000000000000000000000006
1022542123500018830940000316741000000                         00000005511401000000DM 00000000000000000000 01090909190027000319                    100319000000000374075630940010909190000100000000000000000000000000000000000000000000000000000000000000000000000000003740000000000000000000000000000000000000000000000000000010000000000000          0000487456467400000000000000000000000000000000000000000007
1022542123500018830940000316741000000                         00000005589801000000DM 00000000000000000000 01060609190028820919                    100919000000000374010400970010609190000250000000000000000000000000000000000000000000000000000000000000000000000000003740000000000000000000000000000000000000000000000000000010000000000000          0002486093060600000000000000000000000000000000000000000008
1022542123500018830940000316741000000                         00000005613001000000DM 00000000000000000000 01060609190029010919                    100919000000000374010400970010609190000250000000000000000000000000000000000000000000000000000000000000000000000000003740000000000000000000000000000000000000000000000000000010000000000000          0002483652468700000000000000000000000000000000000000000009
1022542123500018830940000316741000000                         00000005619401000000DM 00000000000000000000 01090909190029060319                    100319000000000374075630940010909190000100000000000000000000000000000000000000000000000000000000000000000000000000003740000000000000000000000000000000000000000000000000000010000000000000          0007331229087200000000000000000000000000000000000000000010
1022542123500018830940000316741000000                         00000005631301000000DM 00000000000000000000 01090909190029630319                    100319000000000374075630940010909190000100000000000000000000000000000000000000000000000000000000000000000000000000003740000000000000000000000000000000000000000000000000000010000000000000          0000559499965500000000000000000000000000000000000000000011
1022542123500018830940000316741000000                         00000004814201000000DM 00000000000000000000 01090909190004910319                    100319000000000324075630940010909190000100000000000000000000000000000000000000000000000000000000000000000000000000003240000000000000000000000000000000000000000000000000000010000000000000          0002624052160400000000000000000000000000000000000000000012
1022542123500018830940000316741000000                         00000004832501000000DM 00000000000000000000 01060609190005190919                    100919000000000324010400970010609190000250000000000000000000000000000000000000000000000000000000000000000000000000003240000000000000000000000000000000000000000000000000000010000000000000          0007188477760000000000000000000000000000000000000000000013
1022542123500018830940000316741000000                         00000004850801000000DM 00000000000000000000 01090909190005450319                    100319000000000324075630940010909190000100000000000000000000000000000000000000000000000000000000000000000000000000003240000000000000000000000000000000000000000000000000000010000000000000          0003013578866800000000000000000000000000000000000000000014
1022542123500018830940000316741000000                         00000004880901000000DM 00000000000000000000 01060909190006480919                    100919000000000374010400970010909190000250000000000000000000000000000000000000000000000000000000000000000000000000003740000000000000000000000000000000000000000000000000000010000000000000          0001612677762000000000000000000000000000000000000000000015
1022542123500018830940000316741000000                         00000004916901000000DM 00000000000000000000 01060909190008390919                    100919000000000324034109440010909190000250000000000000000000000000000000000000000000000000000000000000000000000000003240000000000000000000000000000000000000000000000000000010000000000000          0004904386264900000000000000000000000000000000000000000016
1022542123500018830940000316741000000                         00000004718001000000DM 00000000000000000000 01090909190004110319                    100319000000000374075630940010909190000100000000000000000000000000000000000000000000000000000000000000000000000000003740000000000000000000000000000000000000000000000000000010000000000000          0007246051260000000000000000000000000000000000000000000017
1022542123500018830940000316741000000                         00000005595201000000DM 00000000000000000000 01090909190028970319                    100319000000000374075630940010909190000100000000000000000000000000000000000000000000000000000000000000000000000000003740000000000000000000000000000000000000000000000000000010000000000000          0005968516666800000000000000000000000000000000000000000018
1022542123500018830940000316741000000                         00000005649501000000DM 00000000000000000000 01060609190029700919                    100919000000000374010400970010609190000250000000000000000000000000000000000000000000000000000000000000000000000000003740000000000000000000000000000000000000000000000000000010000000000000          0000214486281800000000000000000000000000000000000000000019
1022542123500018830940000316741000000                         00000005655001000000DM 00000000000000000000 01090909190029710319                    100319000000000374075630940010909190000100000000000000000000000000000000000000000000000000000000000000000000000000003740000000000000000000000000000000000000000000000000000010000000000000          0002729840060600000000000000000000000000000000000000000020
1022542123500018830940000316741000000                         00000004808801000000DM 00000000000000000000 01060909190004530919                    100919000000000374010400970010909190000250000000000000000000000000000000000000000000000000000000000000000000000000003740000000000000000000000000000000000000000000000000000010000000000000          0000786278560600000000000000000000000000000000000000000021
1022542123500018830940000316741000000                         00000005553301000000DM 00000000000000000000 01060909190028150919                    100919000000000374010400970010909190000250000000000000000000000000000000000000000000000000000000000000000000000000003740000000000000000000000000000000000000000000000000000010000000000000          0001026372666500000000000000000000000000000000000000000022
1022542123500018830940000316741000000                         00000004928701000000DM 00000000000000000000 01060909190008410919                    100919000000000324010400970010909190000250000000000000000000000000000000000000000000000000000000000000000000000000003240000000000000000000000000000000000000000000000000000010000000000000          0004459589168700000000000000000000000000000000000000000023
1022542123500018830940000316741000000                         00000004994301000000DM 00000000000000000000 01090909190010200319                    100319000000000374075630940010909190000100000000000000000000000000000000000000000000000000000000000000000000000000003740000000000000000000000000000000000000000000000000000010000000000000          0003616071763400000000000000000000000000000000000000000024
1022542123500018830940000316741000000                         00000005000401000000DM 00000000000000000000 01060909190010200919                    100919000000000374010400970010909190000250000000000000000000000000000000000000000000000000000000000000000000000000003740000000000000000000000000000000000000000000000000000010000000000000          0003616071763400000000000000000000000000000000000000000025
1022542123500018830940000316741000000                         00000005295701000000DM 00000000000000000000 01090909190017950319                    100319000000000324075630940010909190000100000000000000000000000000000000000000000000000000000000000000000000000000003240000000000000000000000000000000000000000000000000000010000000000000          0000027258068600000000000000000000000000000000000000000026
1022542123500018830940000316741000000                         00000005673201000000DM 00000000000000000000 01060909190030140919                    100919000000000374075630940010909190000250000000000000000000000000000000000000000000000000000000000000000000000000003740000000000000000000000000000000000000000000000000000010000000000000          0000506908968400000000000000000000000000000000000000000027
1022542123500018830940000316741000000                         00000005691501000000DM 00000000000000000000 01090909190030680319                    100319000000000374075630940010909190000100000000000000000000000000000000000000000000000000000000000000000000000000003740000000000000000000000000000000000000000000000000000010000000000000          0000377887650300000000000000000000000000000000000000000028
1022542123500018830940000316741000000                         00000005711801000000DM 00000000000000000000 01090909190030700319                    100319000000000374075630940010909190000100000000000000000000000000000000000000000000000000000000000000000000000000003740000000000000000000000000000000000000000000000000000010000000000000          0001212798465000000000000000000000000000000000000000000029
1022542123500018830940000316741000000                         00000005778001000000DM 00000000000000000000 01090909191000180219                    100319000000002443075630940010909190000100000000000000000000000000000000000000000000000000000000000000000000000000024430000000000000000000000000000000000000000000000000000010000000000000          1823706600016500000000000000000000000000000000000000000030
1022542123500018830940000316741000000                         00000005796301000000DM 00000000000000000000 01060909190029270919                    100919000000000374010407080010909190000250000000000000000000000000000000000000000000000000000000000000000000000000003740000000000000000000000000000000000000000000000000000010000000000000          0001166686868000000000000000000000000000000000000000000031
1022542123500018830940000316741000000                         00000004886201000000DM 00000000000000000000 01090909190006510319                    100319000000000324075630940010909190000100000000000000000000000000000000000000000000000000000000000000000000000000003240000000000000000000000000000000000000000000000000000010000000000000          0006345744697000000000000000000000000000000000000000000032
1022542123500018830940000316741000000                         00000005253801000000DM 00000000000000000000 01060909190017220919                    100919000000000324010400970010909190000250000000000000000000000000000000000000000000000000000000000000000000000000003240000000000000000000000000000000000000000000000000000010000000000000          0000326379860000000000000000000000000000000000000000000033
1022542123500018830940000316741000000                         00000004946001000000DM 00000000000000000000 01090909190008690319                    100319000000000324075630940010909190000100000000000000000000000000000000000000000000000000000000000000000000000000003240000000000000000000000000000000000000000000000000000010000000000000          0000027442861000000000000000000000000000000000000000000034
1022542123500018830940000316741000000                         00000005012201000000DM 00000000000000000000 01060609190010210919                    100919000000000324010400970010609190000250000000000000000000000000000000000000000000000000000000000000000000000000003240000000000000000000000000000000000000000000000000000010000000000000          0007187518269100000000000000000000000000000000000000000035
1022542123500018830940000316741000000                         00000005030501000000DM 00000000000000000000 01090909190010620319                    100319000000000324075630940010909190000100000000000000000000000000000000000000000000000000000000000000000000000000003240000000000000000000000000000000000000000000000000000010000000000000          0000055756263500000000000000000000000000000000000000000036
1022542123500018830940000316741000000                         00000005259101000000DM 00000000000000000000 01090909190017340319                    100319000000000324075630940010909190000100000000000000000000000000000000000000000000000000000000000000000000000000003240000000000000000000000000000000000000000000000000000010000000000000          0006300667766800000000000000000000000000000000000000000037
1022542123500018830940000316741000000                         00000005271001000000DM 00000000000000000000 01090909190017750319                    100319000000000324075630940010909190000100000000000000000000000000000000000000000000000000000000000000000000000000003240000000000000000000000000000000000000000000000000000010000000000000          0002729843469100000000000000000000000000000000000000000038
1022542123500018830940000316741000000                         00000005307001000000DM 00000000000000000000 01090909190022660319                    100319000000000374075630940010909190000100000000000000000000000000000000000000000000000000000000000000000000000000003740000000000000000000000000000000000000000000000000000010000000000000          0004170441060600000000000000000000000000000000000000000039
1022542123500018830940000316741000000                         00000005343601000000DM 00000000000000000000 01090909190023040319                    100319000000000374075630940010909190000100000000000000000000000000000000000000000000000000000000000000000000000000003740000000000000000000000000000000000000000000000000000010000000000000          0004225353567200000000000000000000000000000000000000000040
1022542123500018830940000316741000000                         00000004976001000000DM 00000000000000000000 01060909190009530919                    100919000000000324010400970010909190000250000000000000000000000000000000000000000000000000000000000000000000000000003240000000000000000000000000000000000000000000000000000010000000000000          0004361846464900000000000000000000000000000000000000000041
1022542123500018830940000316741000000                         00000005054101000000DM 00000000000000000000 01090909190011030319                    100319000000000324075630940010909190000100000000000000000000000000000000000000000000000000000000000000000000000000003240000000000000000000000000000000000000000000000000000010000000000000          0008715135969100000000000000000000000000000000000000000042
1022542123500018830940000316741000000                         00000005126701000000DM 00000000000000000000 01090909190014430319                    100319000000000324075630940010909190000100000000000000000000000000000000000000000000000000000000000000000000000000003240000000000000000000000000000000000000000000000000000010000000000000          0000696140365400000000000000000000000000000000000000000043
1022542123500018830940000316741000000                         00000005319901000000DM 00000000000000000000 01090909190022690319                    100319000000000374075630940010909190000100000000000000000000000000000000000000000000000000000000000000000000000000003740000000000000000000000000000000000000000000000000000010000000000000          0006307307269100000000000000000000000000000000000000000044
1022542123500018830940000316741000000                         00000005331801000000DM 00000000000000000000 01090909190022820319                    100319000000000324075630940010909190000100000000000000000000000000000000000000000000000000000000000000000000000000003240000000000000000000000000000000000000000000000000000010000000000000          0007188059365300000000000000000000000000000000000000000045
1022542123500018830940000316741000000                         00000004964201000000DM 00000000000000000000 01060909190009010919                    100919000000000324010400970010909190000250000000000000000000000000000000000000000000000000000000000000000000000000003240000000000000000000000000000000000000000000000000000010000000000000          0009470166060400000000000000000000000000000000000000000046
1022542123500018830940000316741000000                         00000005042301000000DM 00000000000000000000 01090909190010920319                    100319000000000324075630940010909190000100000000000000000000000000000000000000000000000000000000000000000000000000003240000000000000000000000000000000000000000000000000000010000000000000          0007570230469100000000000000000000000000000000000000000047
9027563094SICOOB CREDIARA          R D BOSCO                                         Centro                        38183228Araxá                         MG100920190000004600000000113                                                                                                                                                                                                                    000048
