02RETORNO01COBRANÇA       30940000327964316741J REZENDE                     756 - BANCOOB S/A 2111180000268                                                                                                                                                                                                                                                                                               000001
1022542123500018830940000316741000000                         00000003170301000000DM 00000000000000000000 01091911180025800518                    200518000000000374075630940011911180000100000000000000000000000000000000000000000000000000000000000000000000000000003740000000000000000000000000000000000000000000000000000010000000000000          0007188615063000000000000000000000000000000000000000000002
1022542123500018830940000316741000000                         00000003374601000000DM 00000000000000000000 01091911180024540518                    200518000000000374075630940011911180000100000000000000000000000000000000000000000000000000000000000000000000000000003740000000000000000000000000000000000000000000000000000010000000000000          0000847276465600000000000000000000000000000000000000000003
9027563094SICOOB CREDIARA          RUA MARIA RITA DE AGUIAR                          CENTRO                        38183236ARAXÁ                         MG211120180000000200000000113                                                                                                                                                                                                                    000004
