02RETORNO01COBRANÇA       30940000327964316741J REZENDE                     756 - BANCOOB S/A 1611180000267                                                                                                                                                                                                                                                                                               000001
1022542123500018830940000316741000000                         00000004651101000000DM 00000000000000000000 01061211181000151018                    101118000000000349000142020011211180000250000000000000000000000000000000000000000000000000000000000000000000000000003490000000000000000000000000000000000000000000000000000010000000000000          7097303700093900000000000000000000000000000000000000000002
1022542123500018830940000316741000000                         00000004654301000000DM 00000000000000000000 01061211181000211018                    101118000000000526575640790011211180000250000000000000000000000000000000000000000000000000000000000000000000000000005265000000000000000000000000000000000000000000000000000010000000000000          6522717500018100000000000000000000000000000000000000000003
1022542123500018830940000316741000000                         00000002812001000000DM 00000000000000000000 01061211180002561118                    101118000000000324023716910011211180000250000000000000000000000000000000000000000000000000000000000000000000000000003240000000000000000000000000000000000000000000000000000010000000000000          0000474784860600000000000000000000000000000000000000000004
1022542123500018830940000316741000000                         00000004648901000000DM 00000000000000000000 01061211181000071018                    101118000000001047000142020011211180000250000000000000000000000000000000000000000000000000000000000000000000000000010470000000000000000000000000000000000000000000000000000010000000000000          7097303700069600000000000000000000000000000000000000000005
1022542123500018830940000316741000000                         00000003129001000000DM 00000000000000000000 01061211180005191218                    101218000000000324010400970011211180000250000000000000000000000000000000000000000000000000000000000000000000000000003240000000000000000000000000000000000000000000000000000010000000000000          0007188477760000000000000000000000000000000000000000000006
1022542123500018830940000316741000000                         00000003816801000000DM 00000000000000000000 01061311180010141118                    201118000000000374010400970011311180000250000000000000000000000000000000000000000000000000000000000000000000000000003740000000000000000000000000000000000000000000000000000010000000000000          0005764752663400000000000000000000000000000000000000000007
1022542123500018830940000316741000000                         00000004649601000000DM 00000000000000000000 01061211181000101018                    101118000000000349000142020011211180000250000000000000000000000000000000000000000000000000000000000000000000000000003490000000000000000000000000000000000000000000000000000010000000000000          7097303700034300000000000000000000000000000000000000000008
1022542123500018830940000316741000000                         00000003045701000000DM 00000000000000000000 01061211180004161218                    101218000000000324034109440011211180000250000000000000000000000000000000000000000000000000000000000000000000000000003240000000000000000000000000000000000000000000000000000010000000000000          0009147587261500000000000000000000000000000000000000000009
1022542123500018830940000316741000000                         00000003619601000000DM 00000000000000000000 01061211180028151118                    101118000000000374010400970011211180000250000000000000000000000000000000000000000000000000000000000000000000000000003740000000000000000000000000000000000000000000000000000010000000000000          0001026372666500000000000000000000000000000000000000000010
1022542123500018830940000316741000000                         00000004650401000000DM 00000000000000000000 01061211181000121018                    101118000000000698000142020011211180000250000000000000000000000000000000000000000000000000000000000000000000000000006980000000000000000000000000000000000000000000000000000010000000000000          7097216100012200000000000000000000000000000000000000000011
1022542123500018830940000316741000000                         00000002860301000000DM 00000000000000000000 01061211180004141118                    101118000000000374003334670011211180000250000000000000000000000000000000000000000000000000000000000000000000000000003740000000000000000000000000000000000000000000000000000010000000000000          0000303613564200000000000000000000000000000000000000000012
1022542123500018830940000316741000000                         00000003326201000000DM 00000000000000000000 01091211180013890518                    150518000000000324075630940011211180000100000000000000000000000000000000000000000000000000000000000000000000000000003240000000000000000000000000000000000000000000000000000010000000000000          0000690262868800000000000000000000000000000000000000000013
1022542123500018830940000316741000000                         00000004140101000000DM 00000000000000000000 01061211180027501118                    101118000000000374010400970011211180000250000000000000000000000000000000000000000000000000000000000000000000000000003740000000000000000000000000000000000000000000000000000010000000000000          0000282899960200000000000000000000000000000000000000000014
1022542123500018830940000316741000000                         00000003745001000000DM 00000000000000000000 01091211180029680518                    150518000000000374075630940011211180000100000000000000000000000000000000000000000000000000000000000000000000000000003740000000000000000000000000000000000000000000000000000010000000000000          0000270724966100000000000000000000000000000000000000000015
1022542123500018830940000316741000000                         00000003152001000000DM 00000000000000000000 01061311180005931118                    101118000000000324010400970011311180000250000000000000000000000000000000000000000000000000000000000000000000000000003246000000000000600000000000000000000000000000000000000010000000000000          0003023575860400000000000000000000000000000000000000000016
1022542123500018830940000316741000000                         00000003308001000000DM 00000000000000000000 01061211180012341118                    101118000000000324075630940011211180000250000000000000000000000000000000000000000000000000000000000000000000000000003240000000000000000000000000000000000000000000000000000010000000000000          0008461066260400000000000000000000000000000000000000000017
9027563094SICOOB CREDIARA          RUA MARIA RITA DE AGUIAR                          CENTRO                        38183236ARAXÁ                         MG161120180000001600000000113                                                                                                                                                                                                                    000018
