02RETORNO01COBRANÇA       30940000327964316741J REZENDE                     756 - BANCOOB S/A 0111180000264                                                                                                                                                                                                                                                                                               000001
1022542123500018830940000316741000000                         00000002896801000000DM 00000000000000000000 01060511180004371118                    101118000000000324010400970010511180000250000000000000000000000000000000000000000000000000000000000000000000000000003240000000000000000000000000000000000000000000000000000010000000000000          0001313854565300000000000000000000000000000000000000000002
1022542123500018830940000316741000000                         00000003840501000000DM 00000000000000000000 01060511180030141118                    101118000000000374010400970010511180000250000000000000000000000000000000000000000000000000000000000000000000000000003740000000000000000000000000000000000000000000000000000010000000000000          0000506908968400000000000000000000000000000000000000000003
1022542123500018830940000316741000000                         00000003876001000000DM 00000000000000000000 01060511180025271118                    101118000000000374010400970010511180000250000000000000000000000000000000000000000000000000000000000000000000000000003740000000000000000000000000000000000000000000000000000010000000000000          0000677178867900000000000000000000000000000000000000000004
1022542123500018830940000316741000000                         00000004068501000000DM 00000000000000000000 01060511180014481118                    101118000000000324010400970010511180000250000000000000000000000000000000000000000000000000000000000000000000000000003240000000000000000000000000000000000000000000000000000010000000000000          0005227926069700000000000000000000000000000000000000000005
1022542123500018830940000316741000000                         00000003547001000000DM 00000000000000000000 01060511180022661118                    101118000000000374010400970010511180000250000000000000000000000000000000000000000000000000000000000000000000000000003740000000000000000000000000000000000000000000000000000010000000000000          0004170441060600000000000000000000000000000000000000000006
1022542123500018830940000316741000000                         00000003984001000000DM 00000000000000000000 01060511180026741118                    101118000000000374010400970010511180000250000000000000000000000000000000000000000000000000000000000000000000000000003740000000000000000000000000000000000000000000000000000010000000000000          0000954360460600000000000000000000000000000000000000000007
1022542123500018830940000316741000000                         00000004080401000000DM 00000000000000000000 01060511180014581118                    101118000000000324010400970010511180000250000000000000000000000000000000000000000000000000000000000000000000000000003240000000000000000000000000000000000000000000000000000010000000000000          0002361630010000000000000000000000000000000000000000000008
1022542123500018830940000316741000000                         00000003464401000000DM 00000000000000000000 01060511180015981118                    101118000000000324010400970010511180000250000000000000000000000000000000000000000000000000000000000000000000000000003240000000000000000000000000000000000000000000000000000010000000000000          0007886934067800000000000000000000000000000000000000000009
1022542123500018830940000316741000000                         00000004008301000000DM 00000000000000000000 01060511180026861118                    101118000000000374010400970010511180000250000000000000000000000000000000000000000000000000000000000000000000000000003740000000000000000000000000000000000000000000000000000010000000000000          0003407094060000000000000000000000000000000000000000000010
1022542123500018830940000316741000000                         00000004104601000000DM 00000000000000000000 01060511180014951118                    101118000000000324010400970010511180000250000000000000000000000000000000000000000000000000000000000000000000000000003240000000000000000000000000000000000000000000000000000010000000000000          0000136752462800000000000000000000000000000000000000000011
1022542123500018830940000316741000000                         00000003236401000000DM 00000000000000000000 01060511180010211118                    101118000000000324010400970010511180000250000000000000000000000000000000000000000000000000000000000000000000000000003240000000000000000000000000000000000000000000000000000010000000000000          0007187518269100000000000000000000000000000000000000000012
9027563094SICOOB CREDIARA          RUA MARIA RITA DE AGUIAR                          CENTRO                        38183236ARAXÁ                         MG081120180000001100000000113                                                                                                                                                                                                                    000013
