02RETORNO01COBRANÇA       30940000327964316741J REZENDE                     756 - BANCOOB S/A 0811180000265                                                                                                                                                                                                                                                                                               000001
1022542123500018830940000316741000000                         00000002842001000000DM 00000000000000000000 01090711180004110518                    100518000000000374075630940010711180000100000000000000000000000000000000000000000000000000000000000000000000000000003740000000000000000000000000000000000000000000000000000010000000000000          0007246051260000000000000000000000000000000000000000000002
1022542123500018830940000316741000000                         00000003074001000000DM 00000000000000000000 01090711180008470518                    100518000000000374075630940010711180000100000000000000000000000000000000000000000000000000000000000000000000000000003740000000000000000000000000000000000000000000000000000010000000000000          0000150671660100000000000000000000000000000000000000000003
1022542123500018830940000316741000000                         00000003266501000000DM 00000000000000000000 01090711180011390518                    100518000000000324075630940010711180000100000000000000000000000000000000000000000000000000000000000000000000000000003240000000000000000000000000000000000000000000000000000010000000000000          0009651106069100000000000000000000000000000000000000000004
1022542123500018830940000316741000000                         00000003278301000000DM 00000000000000000000 01090711180012200518                    100518000000000324075630940010711180000100000000000000000000000000000000000000000000000000000000000000000000000000003240000000000000000000000000000000000000000000000000000010000000000000          0005183755876000000000000000000000000000000000000000000005
1022542123500018830940000316741000000                         00000003350001000000DM 00000000000000000000 01090711180024350518                    100518000000000324075630940010711180000100000000000000000000000000000000000000000000000000000000000000000000000000003240000000000000000000000000000000000000000000000000000010000000000000          0008566563069100000000000000000000000000000000000000000006
1022542123500018830940000316741000000                         00000003398201000000DM 00000000000000000000 01090711180017830518                    100518000000000324075630940010711180000100000000000000000000000000000000000000000000000000000000000000000000000000003240000000000000000000000000000000000000000000000000000010000000000000          0007674540669100000000000000000000000000000000000000000007
1022542123500018830940000316741000000                         00000003410701000000DM 00000000000000000000 01090711180025830518                    100518000000000374075630940010711180000100000000000000000000000000000000000000000000000000000000000000000000000000003740000000000000000000000000000000000000000000000000000010000000000000          0000512870969800000000000000000000000000000000000000000008
1022542123500018830940000316741000000                         00000003446101000000DM 00000000000000000000 01090711180015840518                    100518000000000324075630940010711180000100000000000000000000000000000000000000000000000000000000000000000000000000003240000000000000000000000000000000000000000000000000000010000000000000          0006872201061000000000000000000000000000000000000000000009
1022542123500018830940000316741000000                         00000003482701000000DM 00000000000000000000 01090711180017120518                    100518000000000324075630940010711180000100000000000000000000000000000000000000000000000000000000000000000000000000003240000000000000000000000000000000000000000000000000000010000000000000          0006761282268700000000000000000000000000000000000000000010
1022542123500018830940000316741000000                         00000004128201000000DM 00000000000000000000 01060711180004271118                    101118000000000324010400970010711180000250000000000000000000000000000000000000000000000000000000000000000000000000003240000000000000000000000000000000000000000000000000000010000000000000          0000329979965700000000000000000000000000000000000000000011
1022542123500018830940000316741000000                         00000004266401000000DM 00000000000000000000 01090711180030590518                    100518000000000374075630940010711180000100000000000000000000000000000000000000000000000000000000000000000000000000003740000000000000000000000000000000000000000000000000000010000000000000          0002738312160000000000000000000000000000000000000000000012
1022542123500018830940000316741000000                         00000003769601000000DM 00000000000000000000 01090711180029710518                    100518000000000374075630940010711180000100000000000000000000000000000000000000000000000000000000000000000000000000003740000000000000000000000000000000000000000000000000000010000000000000          0002729840060600000000000000000000000000000000000000000013
1022542123500018830940000316741000000                         00000004465001000000DM 00000000000000000000 01090711180030670518                    100518000000000374075630940010711180000100000000000000000000000000000000000000000000000000000000000000000000000000003740000000000000000000000000000000000000000000000000000010000000000000          0004937862766800000000000000000000000000000000000000000014
1022542123500018830940000316741000000                         00000003655101000000DM 00000000000000000000 01060711180028811118                    101118000000000374010400970010711180000250000000000000000000000000000000000000000000000000000000000000000000000000003740000000000000000000000000000000000000000000000000000010000000000000          0002729612165300000000000000000000000000000000000000000015
1022542123500018830940000316741000000                         00000003667001000000DM 00000000000000000000 01060611180028821118                    101118000000000374010400970010611180000250000000000000000000000000000000000000000000000000000000000000000000000000003740000000000000000000000000000000000000000000000000000010000000000000          0002486093060600000000000000000000000000000000000000000016
1022542123500018830940000316741000000                         00000003709401000000DM 00000000000000000000 01090711180029160518                    100518000000000374075630940010711180000100000000000000000000000000000000000000000000000000000000000000000000000000003740000000000000000000000000000000000000000000000000000010000000000000          0001248442318700000000000000000000000000000000000000000017
1022542123500018830940000316741000000                         00000003727701000000DM 00000000000000000000 01060611180029221118                    101118000000000374000102100010611180000250000000000000000000000000000000000000000000000000000000000000000000000000003740000000000000000000000000000000000000000000000000000010000000000000          0005554795862000000000000000000000000000000000000000000018
1022542123500018830940000316741000000                         00000004038401000000DM 00000000000000000000 01090711180014420518                    100518000000000324075630940010711180000100000000000000000000000000000000000000000000000000000000000000000000000000003240000000000000000000000000000000000000000000000000000010000000000000          0000534757766500000000000000000000000000000000000000000019
1022542123500018830940000316741000000                         00000004194901000000DM 00000000000000000000 01090711180030420518                    100518000000000374075630940010711180000100000000000000000000000000000000000000000000000000000000000000000000000000003740000000000000000000000000000000000000000000000000000010000000000000          0001076302165200000000000000000000000000000000000000000020
1022542123500018830940000316741000000                         00000003218101000000DM 00000000000000000000 01090711180010200518                    100518000000000374075630940010711180000100000000000000000000000000000000000000000000000000000000000000000000000000003740000000000000000000000000000000000000000000000000000010000000000000          0003616071763400000000000000000000000000000000000000000021
1022542123500018830940000316741000000                         00000004566001000000DM 00000000000000000000 01090711180025180518                    100518000000002374075630940010711180000100000000000000000000000000000000000000000000000000000000000000000000000000023740000000000000000000000000000000000000000000000000000010000000000000          0000431558264600000000000000000000000000000000000000000022
1022542123500018830940000316741000000                         00000004598501000000DM 00000000000000000000 01090711181000180418                    100518000000009631775630940010711180000100000000000000000000000000000000000000000000000000000000000000000000000000096317000000000000000000000000000000000000000000000000000010000000000000          1823706600016500000000000000000000000000000000000000000023
1022542123500018830940000316741000000                         00000003625001000000DM 00000000000000000000 01090711180027570518                    100518000000000374075630940010711180000100000000000000000000000000000000000000000000000000000000000000000000000000003740000000000000000000000000000000000000000000000000000010000000000000          0000699499364700000000000000000000000000000000000000000024
1022542123500018830940000316741000000                         00000003643301000000DM 00000000000000000000 01060611180028161118                    101118000000000374010400970010611180000250000000000000000000000000000000000000000000000000000000000000000000000000003740000000000000000000000000000000000000000000000000000010000000000000          0008257197068200000000000000000000000000000000000000000025
1022542123500018830940000316741000000                         00000003577101000000DM 00000000000000000000 01090711180023040518                    100518000000000374075630940010711180000100000000000000000000000000000000000000000000000000000000000000000000000000003740000000000000000000000000000000000000000000000000000010000000000000          0004225353567200000000000000000000000000000000000000000026
1022542123500018830940000316741000000                         00000004092201000000DM 00000000000000000000 01060611180014701118                    101118000000000324010400970010611180000250000000000000000000000000000000000000000000000000000000000000000000000000003240000000000000000000000000000000000000000000000000000010000000000000          0008318973461500000000000000000000000000000000000000000027
1022542123500018830940000316741000000                         00000004146501000000DM 00000000000000000000 01090711180025310518                    100518000000000374075630940010711180000100000000000000000000000000000000000000000000000000000000000000000000000000003740000000000000000000000000000000000000000000000000000010000000000000          0000797618260900000000000000000000000000000000000000000028
1022542123500018830940000316741000000                         00000003894201000000DM 00000000000000000000 01090711180025420518                    100518000000000374075630940010711180000100000000000000000000000000000000000000000000000000000000000000000000000000003740000000000000000000000000000000000000000000000000000010000000000000          0002891803760000000000000000000000000000000000000000000029
1022542123500018830940000316741000000                         00000003942101000000DM 00000000000000000000 01090711180026060518                    100518000000000374075630940010711180000100000000000000000000000000000000000000000000000000000000000000000000000000003740000000000000000000000000000000000000000000000000000010000000000000          0004341197568700000000000000000000000000000000000000000030
1022542123500018830940000316741000000                         00000004476101000000DM 00000000000000000000 01090711180030660518                    100518000000000324075630940010711180000100000000000000000000000000000000000000000000000000000000000000000000000000003240000000000000000000000000000000000000000000000000000010000000000000          0000927428865400000000000000000000000000000000000000000031
1022542123500018830940000316741000000                         00000003314401000000DM 00000000000000000000 01090711180013270518                    100518000000000324075630940010711180000100000000000000000000000000000000000000000000000000000000000000000000000000003240000000000000000000000000000000000000000000000000000010000000000000          0005974586069700000000000000000000000000000000000000000032
1022542123500018830940000316741000000                         00000003368101000000DM 00000000000000000000 01060711180024531118                    101118000000000374010400970010711180000250000000000000000000000000000000000000000000000000000000000000000000000000003740000000000000000000000000000000000000000000000000000010000000000000          0003607094764900000000000000000000000000000000000000000033
1022542123500018830940000316741000000                         00000003386401000000DM 00000000000000000000 01090711180024730518                    100518000000000374075630940010711180000100000000000000000000000000000000000000000000000000000000000000000000000000003740000000000000000000000000000000000000000000000000000010000000000000          0001603579869100000000000000000000000000000000000000000034
1022542123500018830940000316741000000                         00000004182001000000DM 00000000000000000000 01090711180026730518                    100518000000000374075630940010711180000100000000000000000000000000000000000000000000000000000000000000000000000000003740000000000000000000000000000000000000000000000000000010000000000000          0000945536569300000000000000000000000000000000000000000035
1022542123500018830940000316741000000                         00000003733101000000DM 00000000000000000000 01090711180029630518                    100518000000000374075630940010711180000100000000000000000000000000000000000000000000000000000000000000000000000000003740000000000000000000000000000000000000000000000000000010000000000000          0000559499965500000000000000000000000000000000000000000036
1022542123500018830940000316741000000                         00000004205501000000DM 00000000000000000000 01090711180030430518                    100518000000000374075630940010711180000100000000000000000000000000000000000000000000000000000000000000000000000000003740000000000000000000000000000000000000000000000000000010000000000000          0000394635469600000000000000000000000000000000000000000037
1022542123500018830940000316741000000                         00000004218001000000DM 00000000000000000000 01090711180004910518                    100518000000000324075630940010711180000100000000000000000000000000000000000000000000000000000000000000000000000000003240000000000000000000000000000000000000000000000000000010000000000000          0002624052160400000000000000000000000000000000000000000038
1022542123500018830940000316741000000                         00000002776901000000DM 00000000000000000000 01060611180001141118                    101118000000000324010400970010611180000250000000000000000000000000000000000000000000000000000000000000000000000000003240000000000000000000000000000000000000000000000000000010000000000000          0004897155363400000000000000000000000000000000000000000039
1022542123500018830940000316741000000                         00000002800101000000DM 00000000000000000000 01060611180002471118                    101118000000000324010400970010611180000250000000000000000000000000000000000000000000000000000000000000000000000000003240000000000000000000000000000000000000000000000000000010000000000000          0000356167569700000000000000000000000000000000000000000040
1022542123500018830940000316741000000                         00000002878501000000DM 00000000000000000000 01090711180004230518                    100518000000000324075630940010711180000100000000000000000000000000000000000000000000000000000000000000000000000000003240000000000000000000000000000000000000000000000000000010000000000000          0005724833867200000000000000000000000000000000000000000041
1022542123500018830940000316741000000                         00000002972301000000DM 00000000000000000000 01060711180004351118                    101118000000000324010400970010711180000250000000000000000000000000000000000000000000000000000000000000000000000000003240000000000000000000000000000000000000000000000000000010000000000000          0001514063611500000000000000000000000000000000000000000042
1022542123500018830940000316741000000                         00000002978701000000DM 00000000000000000000 01090711180004730518                    100518000000000324075630940010711180000100000000000000000000000000000000000000000000000000000000000000000000000000003240000000000000000000000000000000000000000000000000000010000000000000          0004063987868700000000000000000000000000000000000000000043
1022542123500018830940000316741000000                         00000002990601000000DM 00000000000000000000 01090711180006790518                    100518000000000374075630940010711180000100000000000000000000000000000000000000000000000000000000000000000000000000003740000000000000000000000000000000000000000000000000000010000000000000          0003619380163400000000000000000000000000000000000000000044
1022542123500018830940000316741000000                         00000003056801000000DM 00000000000000000000 01060711180008411118                    101118000000000324010400970010711180000250000000000000000000000000000000000000000000000000000000000000000000000000003240000000000000000000000000000000000000000000000000000010000000000000          0004459589168700000000000000000000000000000000000000000045
1022542123500018830940000316741000000                         00000003529801000000DM 00000000000000000000 01090711180022630518                    100518000000000324075630940010711180000100000000000000000000000000000000000000000000000000000000000000000000000000003240000000000000000000000000000000000000000000000000000010000000000000          0002485828563400000000000000000000000000000000000000000046
1022542123500018830940000316741000000                         00000003822201000000DM 00000000000000000000 01090711180030110518                    100518000000000374075630940010711180000100000000000000000000000000000000000000000000000000000000000000000000000000003740000000000000000000000000000000000000000000000000000010000000000000          0001104048469700000000000000000000000000000000000000000047
1022542123500018830940000316741000000                         00000003846901000000DM 00000000000000000000 01090711180030290518                    100518000000000374075630940010711180000100000000000000000000000000000000000000000000000000000000000000000000000000003740000000000000000000000000000000000000000000000000000010000000000000          0001252081260500000000000000000000000000000000000000000048
1022542123500018830940000316741000000                         00000004374501000000DM 00000000000000000000 01090711180030410518                    100518000000000374075630940010711180000100000000000000000000000000000000000000000000000000000000000000000000000000003740000000000000000000000000000000000000000000000000000010000000000000          0006919796260000000000000000000000000000000000000000000049
1022542123500018830940000316741000000                         00000004597801000000DM 00000000000000000000 01090711181000240518                    100518000000002358075630940010711180000100000000000000000000000000000000000000000000000000000000000000000000000000023580000000000000000000000000000000000000000000000000000010000000000000          0488922000017900000000000000000000000000000000000000000050
1022542123500018830940000316741000000                         00000004230001000000DM 00000000000000000000 01090711180030460518                    100518000000000374075630940010711180000100000000000000000000000000000000000000000000000000000000000000000000000000003740000000000000000000000000000000000000000000000000000010000000000000          0000149822561600000000000000000000000000000000000000000051
1022542123500018830940000316741000000                         00000004278201000000DM 00000000000000000000 01090711180030620518                    100518000000000374075630940010711180000100000000000000000000000000000000000000000000000000000000000000000000000000003740000000000000000000000000000000000000000000000000000010000000000000          0001347627260500000000000000000000000000000000000000000052
1022542123500018830940000316741000000                         00000002764001000000DM 00000000000000000000 01060611180000411118                    101118000000000324010400970010611180000250000000000000000000000000000000000000000000000000000000000000000000000000003240000000000000000000000000000000000000000000000000000010000000000000          0000565324365500000000000000000000000000000000000000000053
1022542123500018830940000316741000000                         00000003086901000000DM 00000000000000000000 01090711180008690518                    100518000000000324075630940010711180000100000000000000000000000000000000000000000000000000000000000000000000000000003240000000000000000000000000000000000000000000000000000010000000000000          0000027442861000000000000000000000000000000000000000000054
1022542123500018830940000316741000000                         00000003134801000000DM 00000000000000000000 01090711180005450518                    100518000000000324075630940010711180000100000000000000000000000000000000000000000000000000000000000000000000000000003240000000000000000000000000000000000000000000000000000010000000000000          0003013578866800000000000000000000000000000000000000000055
1022542123500018830940000316741000000                         00000003888801000000DM 00000000000000000000 01060611180025191118                    101118000000000374010407080010611180000250000000000000000000000000000000000000000000000000000000000000000000000000003740000000000000000000000000000000000000000000000000000010000000000000          0008540006863400000000000000000000000000000000000000000056
1022542123500018830940000316741000000                         00000002930401000000DM 00000000000000000000 01090711180001270518                    100518000000000324075630940010711180000100000000000000000000000000000000000000000000000000000000000000000000000000003240000000000000000000000000000000000000000000000000000010000000000000          0000557190363500000000000000000000000000000000000000000057
1022542123500018830940000316741000000                         00000003014901000000DM 00000000000000000000 01090711180007430518                    100518000000000324075630940010711180000100000000000000000000000000000000000000000000000000000000000000000000000000003240000000000000000000000000000000000000000000000000000010000000000000          0000653259166100000000000000000000000000000000000000000058
1022542123500018830940000316741000000                         00000003565301000000DM 00000000000000000000 01090711180022820518                    100518000000000324075630940010711180000100000000000000000000000000000000000000000000000000000000000000000000000000003240000000000000000000000000000000000000000000000000000010000000000000          0007188059365300000000000000000000000000000000000000000059
1022542123500018830940000316741000000                         00000003864101000000DM 00000000000000000000 01060611180030331118                    101118000000000374010400970010611180000250000000000000000000000000000000000000000000000000000000000000000000000000003740000000000000000000000000000000000000000000000000000010000000000000          0008285259668700000000000000000000000000000000000000000060
1022542123500018830940000316741000000                         00000003918401000000DM 00000000000000000000 01090711180025960518                    100518000000000374075630940010711180000100000000000000000000000000000000000000000000000000000000000000000000000000003740000000000000000000000000000000000000000000000000000010000000000000          0009277829168700000000000000000000000000000000000000000061
1022542123500018830940000316741000000                         00000004014801000000DM 00000000000000000000 01090711180027000518                    100518000000000374075630940010711180000100000000000000000000000000000000000000000000000000000000000000000000000000003740000000000000000000000000000000000000000000000000000010000000000000          0000487456467400000000000000000000000000000000000000000062
1022542123500018830940000316741000000                         00000004451801000000DM 00000000000000000000 01090711180017950518                    100518000000000324075630940010711180000100000000000000000000000000000000000000000000000000000000000000000000000000003240000000000000000000000000000000000000000000000000000010000000000000          0000027258068600000000000000000000000000000000000000000063
1022542123500018830940000316741000000                         00000004569101000000DM 00000000000000000000 01090711180026040518                    100518000000000374075630940010711180000100000000000000000000000000000000000000000000000000000000000000000000000000003740000000000000000000000000000000000000000000000000000010000000000000          0007148771960400000000000000000000000000000000000000000064
1022542123500018830940000316741000000                         00000003786101000000DM 00000000000000000000 01090711180029770518                    100518000000000374075630940010711180000100000000000000000000000000000000000000000000000000000000000000000000000000003740000000000000000000000000000000000000000000000000000010000000000000          0006219557360000000000000000000000000000000000000000000065
1022542123500018830940000316741000000                         00000002942201000000DM 00000000000000000000 01090711180004600518                    100518000000000324075630940010711180000100000000000000000000000000000000000000000000000000000000000000000000000000003240000000000000000000000000000000000000000000000000000010000000000000          0004085395076800000000000000000000000000000000000000000066
1022542123500018830940000316741000000                         00000002966901000000DM 00000000000000000000 01090711180004350518                    100518000000000324075630940010711180000100000000000000000000000000000000000000000000000000000000000000000000000000003240000000000000000000000000000000000000000000000000000010000000000000          0001514063611500000000000000000000000000000000000000000067
1022542123500018830940000316741000000                         00000003026701000000DM 00000000000000000000 01090711180008390518                    100518000000000324075630940010711180000100000000000000000000000000000000000000000000000000000000000000000000000000003240000000000000000000000000000000000000000000000000000010000000000000          0004904386264900000000000000000000000000000000000000000068
1022542123500018830940000316741000000                         00000003553501000000DM 00000000000000000000 01090711180022690518                    100518000000000374075630940010711180000100000000000000000000000000000000000000000000000000000000000000000000000000003740000000000000000000000000000000000000000000000000000010000000000000          0006307307269100000000000000000000000000000000000000000069
1022542123500018830940000316741000000                         00000003798001000000DM 00000000000000000000 01090711180030640518                    100518000000000374075630940010711180000100000000000000000000000000000000000000000000000000000000000000000000000000003740000000000000000000000000000000000000000000000000000010000000000000          0000507097947700000000000000000000000000000000000000000070
1022542123500018830940000316741000000                         00000003906601000000DM 00000000000000000000 01090711180025530518                    100518000000000374075630940010711180000100000000000000000000000000000000000000000000000000000000000000000000000000003740000000000000000000000000000000000000000000000000000010000000000000          0000588234869200000000000000000000000000000000000000000071
1022542123500018830940000316741000000                         00000003990501000000DM 00000000000000000000 01090711180026750518                    100518000000000374075630940010711180000100000000000000000000000000000000000000000000000000000000000000000000000000003740000000000000000000000000000000000000000000000000000010000000000000          0001130201368800000000000000000000000000000000000000000072
1022542123500018830940000316741000000                         00000004386301000000DM 00000000000000000000 01090711180030440518                    100518000000000374075630940010711180000100000000000000000000000000000000000000000000000000000000000000000000000000003740000000000000000000000000000000000000000000000000000010000000000000          0000119164868000000000000000000000000000000000000000000073
1022542123500018830940000316741000000                         00000004557301000000DM 00000000000000000000 01090711180016380518                    100518000000000324075630940010711180000100000000000000000000000000000000000000000000000000000000000000000000000000003240000000000000000000000000000000000000000000000000000010000000000000          0004897108160000000000000000000000000000000000000000000074
9027563094SICOOB CREDIARA          RUA MARIA RITA DE AGUIAR                          CENTRO                        38183236ARAXÁ                         MG081120180000007300000000113                                                                                                                                                                                                                    000075
