02RETORNO01COBRANÇA       30940000327964316741J REZENDE - ME                756 - BANCOOB S/A 0609170000150                                                                                                                                                                                                                                                                                               000001
1022542123500018830940000316741000000                         00000002240501000000DM 00000000000000000000 01060509170014480917                    100917000000000294010400970010509170000250000000000000000000000000000000000000000000000000000000000000000000000000002940000000000000000000000000000000000000000000000000000010000000000000          0005227926069700000000000000000000000000000000000000000002
1022542123500018830940000316741000000                         00000001880101000000DM 00000000000000000000 01060509170025270917                    100917000000000349010400970010509170000250000000000000000000000000000000000000000000000000000000000000000000000000003490000000000000000000000000000000000000000000000000000010000000000000          0000677178867900000000000000000000000000000000000000000003
1022542123500018830940000316741000000                         00000000242101000000DM 00000000000000000000 01060509170003300917                    100917000000000294010400970010509170000250000000000000000000000000000000000000000000000000000000000000000000000000002940000000000000000000000000000000000000000000000000000010000000000000          0000916024261200000000000000000000000000000000000000000004
1022542123500018830940000316741000000                         00000002324901000000DM 00000000000000000000 01060509170004270917                    100917000000000294010400970010509170000250000000000000000000000000000000000000000000000000000000000000000000000000002940000000000000000000000000000000000000000000000000000010000000000000          0000329979965700000000000000000000000000000000000000000005
1022542123500018830940000316741000000                         00000001541901000000DM 00000000000000000000 01060509170028810917                    100917000000000349010400970010509170000250000000000000000000000000000000000000000000000000000000000000000000000000003490000000000000000000000000000000000000000000000000000010000000000000          0002729612165300000000000000000000000000000000000000000006
1022542123500018830940000316741000000                         00000002144201000000DM 00000000000000000000 01060509170026860917                    100917000000000349010400970010509170000250000000000000000000000000000000000000000000000000000000000000000000000000003490000000000000000000000000000000000000000000000000000010000000000000          0003407094060000000000000000000000000000000000000000000007
1022542123500018830940000316741000000                         00000001217601000000DM 00000000000000000000 01060509170017950917                    100917000000000294010400970010509170000250000000000000000000000000000000000000000000000000000000000000000000000000002940000000000000000000000000000000000000000000000000000010000000000000          0000027258068600000000000000000000000000000000000000000008
9027563094SICOOB CREDIARA          RUA MARIA RITA DE AGUIAR                          CENTRO                        38183236ARAXÁ                         MG060920170000000700000000113                                                                                                                                                                                                                    000009
