02RETORNO01COBRANÇA       30940000327964316741J REZENDE - ME                756 - BANCOOB S/A 2909170000163                                                                                                                                                                                                                                                                                               000001
1022542123500018830940000316741000000                         00000000749101000000DM 00000000000000000000 01060109170010210917                    100917000000000294010400970010109170000250000000000000000000000000000000000000000000000000000000000000000000000000002940000000000000000000000000000000000000000000000000000010000000000000          0007187518269100000000000000000000000000000000000000000002
1022542123500018830940000316741000000                         00000001158601000000DM 00000000000000000000 01060109170017221017                    101017000000000294010400970010109170000250000000000000000000000000000000000000000000000000000000000000000000000000002940000000000000000000000000000000000000000000000000000010000000000000          0000326379860000000000000000000000000000000000000000000003
1022542123500018830940000316741000000                         00000001085301000000DM 00000000000000000000 01060109170015740917                    100917000000000294010400970010109170000250000000000000000000000000000000000000000000000000000000000000000000000000002940000000000000000000000000000000000000000000000000000010000000000000          0003615826760000000000000000000000000000000000000000000004
1022542123500018830940000316741000000                         00000001145001000000DM 00000000000000000000 01060109170017120917                    100917000000000294010400970010109170000250000000000000000000000000000000000000000000000000000000000000000000000000002940000000000000000000000000000000000000000000000000000010000000000000          0006761282268700000000000000000000000000000000000000000005
9027563094SICOOB CREDIARA          RUA MARIA RITA DE AGUIAR                          CENTRO                        38183236ARAXÁ                         MG290920170000000400000000113                                                                                                                                                                                                                    000006
