02RETORNO01COBRANÇA       30940000327964316741J REZENDE - ME                756 - BANCOOB S/A 0509170000149                                                                                                                                                                                                                                                                                               000001
1022542123500018830940000316741000000                         00000002252301000000DM 00000000000000000000 01060409170014580917                    100917000000000294010400970010409170000250000000000000000000000000000000000000000000000000000000000000000000000000002940000000000000000000000000000000000000000000000000000010000000000000          0002361630010000000000000000000000000000000000000000000002
1022542123500018830940000316741000000                         00000001205801000000DM 00000000000000000000 01060409170017750917                    100917000000000294010400970010409170000250000000000000000000000000000000000000000000000000000000000000000000000000002940000000000000000000000000000000000000000000000000000010000000000000          0002729843469100000000000000000000000000000000000000000003
1022542123500018830940000316741000000                         00000001469201000000DM 00000000000000000000 01060409170027730917                    100917000000000349010400970010409170000250000000000000000000000000000000000000000000000000000000000000000000000000003490000000000000000000000000000000000000000000000000000010000000000000          0006612363169100000000000000000000000000000000000000000004
1022542123500018830940000316741000000                         00000002108701000000DM 00000000000000000000 01060409170026710917                    100917000000000349010400970010409170000250000000000000000000000000000000000000000000000000000000000000000000000000003490000000000000000000000000000000000000000000000000000010000000000000          0005764341515300000000000000000000000000000000000000000005
1022542123500018830940000316741000000                         00000000326501000000DM 00000000000000000000 01060409170004370917                    100917000000000294010400970010409170000250000000000000000000000000000000000000000000000000000000000000000000000000002940000000000000000000000000000000000000000000000000000010000000000000          0001313854565300000000000000000000000000000000000000000006
1022542123500018830940000316741000000                         00000001269901000000DM 00000000000000000000 01060409170025540817                    100917000000000319010400970010409170000250000000000000000000000000000000000000000000000000000000000000000000000000003190000000000000000000000000000000000000000000000000000010000000000000          0006612599561500000000000000000000000000000000000000000007
1022542123500018830940000316741000000                         00000000977101000000DM 00000000000000000000 01060409170024350917                    100917000000000294010400970010409170000250000000000000000000000000000000000000000000000000000000000000000000000000002940000000000000000000000000000000000000000000000000000010000000000000          0008566563069100000000000000000000000000000000000000000008
9027563094SICOOB CREDIARA          RUA MARIA RITA DE AGUIAR                          CENTRO                        38183236ARAXÁ                         MG050920170000000700000000113                                                                                                                                                                                                                    000009
