02RETORNO01COBRANÇA       30940000327964316741J REZENDE - ME                756 - BANCOOB S/A 1109170000157                                                                                                                                                                                                                                                                                               000001
1022542123500018830940000316741000000                         00000001415501000000DM 00000000000000000000 01090809170023620317                    100317000000000294075630940010809170000000000000000000000000000000000000000000000000000000000000000000000000000000002940000000000000000000000000000000000000000000000000000010000000000000          0009217048054400000000000000000000000000000000000000000002
1022542123500018830940000316741000000                         00000000629201000000DM 00000000000000000000 01060809170005190917                    100917000000000294010400970010809170000250000000000000000000000000000000000000000000000000000000000000000000000000002940000000000000000000000000000000000000000000000000000010000000000000          0007188477760000000000000000000000000000000000000000000003
1022542123500018830940000316741000000                         00000000194201000000DM 00000000000000000000 01060809170002470917                    100917000000000294010400970010809170000250000000000000000000000000000000000000000000000000000000000000000000000000002940000000000000000000000000000000000000000000000000000010000000000000          0000356167569700000000000000000000000000000000000000000004
1022542123500018830940000316741000000                         00000000146901000000DM 00000000000000000000 01060809170000410917                    100917000000000294010400970010809170000250000000000000000000000000000000000000000000000000000000000000000000000000002940000000000000000000000000000000000000000000000000000010000000000000          0000565324365500000000000000000000000000000000000000000005
1022542123500018830940000316741000000                         00000000128601000000DM 00000000000000000000 01090809170000600317                    100317000000000349075630940010809170000000000000000000000000000000000000000000000000000000000000000000000000000000003490000000000000000000000000000000000000000000000000000010000000000000          0005496202167200000000000000000000000000000000000000000006
1022542123500018830940000316741000000                         00000002334201000000DM 00000000000000000000 01090809170011100317                    100317000000000294075630940010809170000000000000000000000000000000000000000000000000000000000000000000000000000000002940000000000000000000000000000000000000000000000000000010000000000000          0005856618068200000000000000000000000000000000000000000007
1022542123500018830940000316741000000                         00000002150701000000DM 00000000000000000000 01090809170026890317                    100317000000000349075630940010809170000000000000000000000000000000000000000000000000000000000000000000000000000000003490000000000000000000000000000000000000000000000000000010000000000000          0000027534863600000000000000000000000000000000000000000008
1022542123500018830940000316741000000                         00000002406801000000DM 00000000000000000000 01090809170015600317                    100317000000000294075630940010809170000000000000000000000000000000000000000000000000000000000000000000000000000000002940000000000000000000000000000000000000000000000000000010000000000000          0000477735789900000000000000000000000000000000000000000009
1022542123500018830940000316741000000                         00000002431201000000DM 00000000000000000000 01090809170026590317                    100317000000000349075630940010809170000000000000000000000000000000000000000000000000000000000000000000000000000000003490000000000000000000000000000000000000000000000000000010000000000000          0001014914566700000000000000000000000000000000000000000010
1022542123500018830940000316741000000                         00000000465401000000DM 00000000000000000000 01090809170007400317                    100317000000000294075630940010809170000000000000000000000000000000000000000000000000000000000000000000000000000000002940000000000000000000000000000000000000000000000000000010000000000000          0005051206417200000000000000000000000000000000000000000011
1022542123500018830940000316741000000                         00000000338301000000DM 00000000000000000000 01060809170004530917                    100917000000000349010400970010809170000250000000000000000000000000000000000000000000000000000000000000000000000000003490000000000000000000000000000000000000000000000000000010000000000000          0005516708060600000000000000000000000000000000000000000012
1022542123500018830940000316741000000                         00000000417001000000DM 00000000000000000000 01090809170007010317                    100317000000000294075630940010809170000000000000000000000000000000000000000000000000000000000000000000000000000000002940000000000000000000000000000000000000000000000000000010000000000000          0006529267760400000000000000000000000000000000000000000013
1022542123500018830940000316741000000                         00000000212001000000DM 00000000000000000000 01090809170003180317                    100317000000000294075630940010809170000000000000000000000000000000000000000000000000000000000000000000000000000000002940000000000000000000000000000000000000000000000000000010000000000000          0000949559261500000000000000000000000000000000000000000014
1022542123500018830940000316741000000                         00000000923401000000DM 00000000000000000000 01090809170013270317                    100317000000000294075630940010809170000000000000000000000000000000000000000000000000000000000000000000000000000000002940000000000000000000000000000000000000000000000000000010000000000000          0005974586069700000000000000000000000000000000000000000015
1022542123500018830940000316741000000                         00000002228601000000DM 00000000000000000000 01060809170014430917                    100917000000000294010400970010809170000250000000000000000000000000000000000000000000000000000000000000000000000000002940000000000000000000000000000000000000000000000000000010000000000000          0000696140365400000000000000000000000000000000000000000016
1022542123500018830940000316741000000                         00000001643501000000DM 00000000000000000000 01090809170029260317                    100317000000000349075630940010809170000000000000000000000000000000000000000000000000000000000000000000000000000000003490000000000000000000000000000000000000000000000000000010000000000000          0001299792766800000000000000000000000000000000000000000017
1022542123500018830940000316741000000                         00000000875501000000DM 00000000000000000000 01090809170012100317                    100317000000000294075630940010809170000000000000000000000000000000000000000000000000000000000000000000000000000000002940000000000000000000000000000000000000000000000000000010000000000000          0007188717265300000000000000000000000000000000000000000018
1022542123500018830940000316741000000                         00000000332001000000DM 00000000000000000000 01090809170004530317                    100317000000000349075630940010809170000000000000000000000000000000000000000000000000000000000000000000000000000000003490000000000000000000000000000000000000000000000000000010000000000000          0005516708060600000000000000000000000000000000000000000019
1022542123500018830940000316741000000                         00000000635701000000DM 00000000000000000000 01090809170005450317                    100317000000000294075630940010809170000000000000000000000000000000000000000000000000000000000000000000000000000000002940000000000000000000000000000000000000000000000000000010000000000000          0003013578866800000000000000000000000000000000000000000020
1022542123500018830940000316741000000                         00000000965301000000DM 00000000000000000000 01060809170023970917                    100917000000000349010400970010809170000250000000000000000000000000000000000000000000000000000000000000000000000000003490000000000000000000000000000000000000000000000000000010000000000000          0007188737762000000000000000000000000000000000000000000021
1022542123500018830940000316741000000                         00000001679001000000DM 00000000000000000000 01090809170029680317                    100317000000000349075630940010809170000000000000000000000000000000000000000000000000000000000000000000000000000000003490000000000000000000000000000000000000000000000000000010000000000000          0000270724966100000000000000000000000000000000000000000022
1022542123500018830940000316741000000                         00000001715001000000DM 00000000000000000000 01090809170029730317                    100317000000000349075630940010809170000000000000000000000000000000000000000000000000000000000000000000000000000000003490000000000000000000000000000000000000000000000000000010000000000000          0007874980867200000000000000000000000000000000000000000023
1022542123500018830940000316741000000                         00000001751601000000DM 00000000000000000000 01090809170029810317                    100317000000000349075630940010809170000000000000000000000000000000000000000000000000000000000000000000000000000000003490000000000000000000000000000000000000000000000000000010000000000000          0000866105069300000000000000000000000000000000000000000024
1022542123500018830940000316741000000                         00000001169701000000DM 00000000000000000000 01060809170017340917                    100917000000000294010400970010809170000250000000000000000000000000000000000000000000000000000000000000000000000000002940000000000000000000000000000000000000000000000000000010000000000000          0006300667766800000000000000000000000000000000000000000025
1022542123500018830940000316741000000                         00000001571001000000DM 00000000000000000000 01090809170028940317                    100317000000000349075630940010809170000000000000000000000000000000000000000000000000000000000000000000000000000000003490000000000000000000000000000000000000000000000000000010000000000000          0007004592561500000000000000000000000000000000000000000026
1022542123500018830940000316741000000                         00000002456601000000DM 00000000000000000000 01090809170028170317                    100317000000000349075630940010809170000000000000000000000000000000000000000000000000000000000000000000000000000000003490000000000000000000000000000000000000000000000000000010000000000000          0006612029269100000000000000000000000000000000000000000027
1022542123500018830940000316741000000                         00000002604701000000DM 00000000000000000000 01090809170012850317                    100317000000000294075630940010809170000000000000000000000000000000000000000000000000000000000000000000000000000000002940000000000000000000000000000000000000000000000000000010000000000000          0000721082378600000000000000000000000000000000000000000028
1022542123500018830940000316741000000                         00000001241301000000DM 00000000000000000000 01060809170022660917                    100917000000000349010400970010809170000250000000000000000000000000000000000000000000000000000000000000000000000000003490000000000000000000000000000000000000000000000000000010000000000000          0004170441060600000000000000000000000000000000000000000029
1022542123500018830940000316741000000                         00000001697201000000DM 00000000000000000000 01060809170029700917                    100917000000000349010400970010809170000250000000000000000000000000000000000000000000000000000000000000000000000000003490000000000000000000000000000000000000000000000000000010000000000000          0000214486281800000000000000000000000000000000000000000030
1022542123500018830940000316741000000                         00000001886501000000DM 00000000000000000000 01090809170030360317                    100317000000000349075630940010809170000000000000000000000000000000000000000000000000000000000000000000000000000000003490000000000000000000000000000000000000000000000000000010000000000000          0003618392060600000000000000000000000000000000000000000031
1022542123500018830940000316741000000                         00000001187001000000DM 00000000000000000000 01090809170017670317                    100317000000000294075630940010809170000000000000000000000000000000000000000000000000000000000000000000000000000000002940000000000000000000000000000000000000000000000000000010000000000000          0000314784764000000000000000000000000000000000000000000032
1022542123500018830940000316741000000                         00000002480301000000DM 00000000000000000000 01090809170029720317                    100317000000000319075630940010809170000000000000000000000000000000000000000000000000000000000000000000000000000000003190000000000000000000000000000000000000000000000000000010000000000000          0001294552163600000000000000000000000000000000000000000033
1022542123500018830940000316741000000                         00000002562201000000DM 00000000000000000000 01090809170029490317                    100317000000000349075630940010809170000000000000000000000000000000000000000000000000000000000000000000000000000000003490000000000000000000000000000000000000000000000000000010000000000000          0007246053964900000000000000000000000000000000000000000034
1022542123500018830940000316741000000                         00000002306601000000DM 00000000000000000000 01090809170015560317                    100317000000000294075630940010809170000000000000000000000000000000000000000000000000000000000000000000000000000000002940000000000000000000000000000000000000000000000000000010000000000000          0006112200961500000000000000000000000000000000000000000035
1022542123500018830940000316741000000                         00000000935201000000DM 00000000000000000000 01090809170013510317                    100317000000000294075630940010809170000000000000000000000000000000000000000000000000000000000000000000000000000000002940000000000000000000000000000000000000000000000000000010000000000000          0009006468266800000000000000000000000000000000000000000036
1022542123500018830940000316741000000                         00000002114101000000DM 00000000000000000000 01090809170026740317                    100317000000000349075630940010809170000000000000000000000000000000000000000000000000000000000000000000000000000000003490000000000000000000000000000000000000000000000000000010000000000000          0000954360460600000000000000000000000000000000000000000037
1022542123500018830940000316741000000                         00000001601601000000DM 00000000000000000000 01060809170029010917                    100917000000000349010400970010809170000250000000000000000000000000000000000000000000000000000000000000000000000000003490000000000000000000000000000000000000000000000000000010000000000000          0002483652468700000000000000000000000000000000000000000038
1022542123500018830940000316741000000                         00000001799901000000DM 00000000000000000000 01090809170030290317                    100317000000000349075630940010809170000000000000000000000000000000000000000000000000000000000000000000000000000000003490000000000000000000000000000000000000000000000000000010000000000000          0001252081260500000000000000000000000000000000000000000039
1022542123500018830940000316741000000                         00000001862901000000DM 00000000000000000000 01090809170030350317                    100317000000000349075630940010809170000000000000000000000000000000000000000000000000000000000000000000000000000000003490000000000000000000000000000000000000000000000000000010000000000000          0001014402069600000000000000000000000000000000000000000040
1022542123500018830940000316741000000                         00000000116801000000DM 00000000000000000000 01090809170000480317                    100317000000000294075630940010809170000000000000000000000000000000000000000000000000000000000000000000000000000000002940000000000000000000000000000000000000000000000000000010000000000000          0005239992363400000000000000000000000000000000000000000041
1022542123500018830940000316741000000                         00000001787001000000DM 00000000000000000000 01090809170030180317                    100317000000000349075630940010809170000000000000000000000000000000000000000000000000000000000000000000000000000000003490000000000000000000000000000000000000000000000000000010000000000000          0000706059360800000000000000000000000000000000000000000042
1022542123500018830940000316741000000                         00000001856401000000DM 00000000000000000000 01060809170030330917                    100917000000000349063400190010809170000250000000000000000000000000000000000000000000000000000000000000000000000000003490000000000000000000000000000000000000000000000000000010000000000000          0008285259668700000000000000000000000000000000000000000043
1022542123500018830940000316741000000                         00000000611001000000DM 00000000000000000000 01090809170005350317                    100317000000000294075630940010809170000000000000000000000000000000000000000000000000000000000000000000000000000000002940000000000000000000000000000000000000000000000000000010000000000000          0000659773163800000000000000000000000000000000000000000044
1022542123500018830940000316741000000                         00000000683001000000DM 00000000000000000000 01090809170009500317                    100317000000000294075630940010809170000000000000000000000000000000000000000000000000000000000000000000000000000000002940000000000000000000000000000000000000000000000000000010000000000000          0002436214069700000000000000000000000000000000000000000045
1022542123500018830940000316741000000                         00000000809901000000DM 00000000000000000000 01060809170011030917                    100917000000000294063400190010809170000250000000000000000000000000000000000000000000000000000000000000000000000000002940000000000000000000000000000000000000000000000000000010000000000000          0008715135969100000000000000000000000000000000000000000046
1022542123500018830940000316741000000                         00000001343001000000DM 00000000000000000000 01090809170022730317                    100317000000000349075630940010809170000000000000000000000000000000000000000000000000000000000000000000000000000000003490000000000000000000000000000000000000000000000000000010000000000000          0008144163060000000000000000000000000000000000000000000047
1022542123500018830940000316741000000                         00000001306701000000DM 00000000000000000000 01090809170030210217                    100317000000000319075630940010809170000000000000000000000000000000000000000000000000000000000000000000000000000000003190000000000000000000000000000000000000000000000000000010000000000000          0000821220462600000000000000000000000000000000000000000048
1022542123500018830940000316741000000                         00000001427301000000DM 00000000000000000000 01090809170023870317                    100317000000000349075630940010809170000000000000000000000000000000000000000000000000000000000000000000000000000000003490000000000000000000000000000000000000000000000000000010000000000000          0009654065665300000000000000000000000000000000000000000049
1022542123500018830940000316741000000                         00000000405201000000DM 00000000000000000000 01090809170006790317                    100317000000000349075630940010809170000000000000000000000000000000000000000000000000000000000000000000000000000000003490000000000000000000000000000000000000000000000000000010000000000000          0003619380163400000000000000000000000000000000000000000050
1022542123500018830940000316741000000                         00000000779201000000DM 00000000000000000000 01090809170010740317                    100317000000000349075630940010809170000000000000000000000000000000000000000000000000000000000000000000000000000000003490000000000000000000000000000000000000000000000000000010000000000000          0008537504769100000000000000000000000000000000000000000051
1022542123500018830940000316741000000                         00000000290501000000DM 00000000000000000000 01060809170004140917                    100917000000000349003334670010809170000250000000000000000000000000000000000000000000000000000000000000000000000000003490000000000000000000000000000000000000000000000000000010000000000000          0000303613564200000000000000000000000000000000000000000052
1022542123500018830940000316741000000                         00000002346001000000DM 00000000000000000000 01090809170029790317                    100317000000000349075630940010809170000000000000000000000000000000000000000000000000000000000000000000000000000000003490000000000000000000000000000000000000000000000000000010000000000000          0000858497662000000000000000000000000000000000000000000053
1022542123500018830940000316741000000                         00000002364301000000DM 00000000000000000000 01060809170027500917                    100917000000000349010400970010809170000250000000000000000000000000000000000000000000000000000000000000000000000000003490000000000000000000000000000000000000000000000000000010000000000000          0000282899960200000000000000000000000000000000000000000054
1022542123500018830940000316741000000                         00000002096301000000DM 00000000000000000000 01060809170026650917                    100917000000000349034109440010809170000250000000000000000000000000000000000000000000000000000000000000000000000000003490000000000000000000000000000000000000000000000000000010000000000000          0000694769266000000000000000000000000000000000000000000055
1022542123500018830940000316741000000                         00000002382601000000DM 00000000000000000000 01090809170002360317                    100317000000000349075630940010809170000000000000000000000000000000000000000000000000000000000000000000000000000000003490000000000000000000000000000000000000000000000000000010000000000000          0000569370264200000000000000000000000000000000000000000056
1022542123500018830940000316741000000                         00000001391301000000DM 00000000000000000000 01090809170023330317                    100317000000000349075630940010809170000000000000000000000000000000000000000000000000000000000000000000000000000000003490000000000000000000000000000000000000000000000000000010000000000000          0005961869865300000000000000000000000000000000000000000057
1022542123500018830940000316741000000                         00000001294301000000DM 00000000000000000000 01090809170030200217                    100317000000000319075630940010809170000000000000000000000000000000000000000000000000000000000000000000000000000000003190000000000000000000000000000000000000000000000000000010000000000000          0000859660265800000000000000000000000000000000000000000058
1022542123500018830940000316741000000                         00000000393901000000DM 00000000000000000000 01090809170006510317                    100317000000000294075630940010809170000000000000000000000000000000000000000000000000000000000000000000000000000000002940000000000000000000000000000000000000000000000000000010000000000000          0006345744697000000000000000000000000000000000000000000059
1022542123500018830940000316741000000                         00000000539401000000DM 00000000000000000000 01090809170001540317                    100317000000000294075630940010809170000000000000000000000000000000000000000000000000000000000000000000000000000000002940000000000000000000000000000000000000000000000000000010000000000000          0008246321269100000000000000000000000000000000000000000060
1022542123500018830940000316741000000                         00000000677601000000DM 00000000000000000000 01060809170009450917                    100917000000000294010400970010809170000250000000000000000000000000000000000000000000000000000000000000000000000000002940000000000000000000000000000000000000000000000000000010000000000000          0009277825960000000000000000000000000000000000000000000061
1022542123500018830940000316741000000                         00000002060901000000DM 00000000000000000000 01060809170026060917                    100917000000000349010400970010809170000250000000000000000000000000000000000000000000000000000000000000000000000000003490000000000000000000000000000000000000000000000000000010000000000000          0004341197568700000000000000000000000000000000000000000062
1022542123500018830940000316741000000                         00000001826301000000DM 00000000000000000000 01090809170030400317                    100317000000000349075630940010809170000000000000000000000000000000000000000000000000000000000000000000000000000000003490000000000000000000000000000000000000000000000000000010000000000000          0009240028064900000000000000000000000000000000000000000063
1022542123500018830940000316741000000                         00000001898301000000DM 00000000000000000000 01090809170030380317                    100317000000000349075630940010809170000000000000000000000000000000000000000000000000000000000000000000000000000000003490000000000000000000000000000000000000000000000000000010000000000000          0000390944564000000000000000000000000000000000000000000064
1022542123500018830940000316741000000                         00000002498501000000DM 00000000000000000000 01060809170030420917                    100917000000000349010400970010809170000250000000000000000000000000000000000000000000000000000000000000000000000000003490000000000000000000000000000000000000000000000000000010000000000000          0001076302165200000000000000000000000000000000000000000065
1022542123500018830940000316741000000                         00000002715001000000DM 00000000000000000000 01060809171000210817                    100917000000000577575640790010809170000250000000000000000000000000000000000000000000000000000000000000000000000000005775000000000000000000000000000000000000000000000000000010000000000000          6522717500018100000000000000000000000000000000000000000066
9027563094SICOOB CREDIARA          RUA MARIA RITA DE AGUIAR                          CENTRO                        38183236ARAXÁ                         MG110920170000006500000000113                                                                                                                                                                                                                    000067
