02RETORNO01COBRANÇA       30940000327964316741J REZENDE - ME                756 - BANCOOB S/A 2909170000165                                                                                                                                                                                                                                                                                               000001
1022542123500018830940000316741000000                         00000000302901000000DM 00000000000000000000 01061809170004220917                    100917000000000294075630940011809170000250000000000000000000000000000000000000000000000000000000000000000000000000003314000000000037400000000000000000000000000000000000000010000000000000          0007415855469100000000000000000000000000000000000000000002
9027563094SICOOB CREDIARA          RUA MARIA RITA DE AGUIAR                          CENTRO                        38183236ARAXÁ                         MG290920170000000100000000113                                                                                                                                                                                                                    000003
