02RETORNO01COBRANÇA       30940000327964316741J REZENDE - ME                756 - BANCOOB S/A 2909170000161                                                                                                                                                                                                                                                                                               000001
1022542123500018830940000316741000000                         00000002376101000000DM 00000000000000000000 01062209170025310917                    100917000000000349075630940012209170000250000000000000000000000000000000000000000000000000000000000000000000000000003863000000000037300000000000000000000000000000000000000010000000000000          0000797618260900000000000000000000000000000000000000000002
1022542123500018830940000316741000000                         00000000821801000000DM 00000000000000000000 01062209170011060917                    100917000000000294010400970012209170000250000000000000000000000000000000000000000000000000000000000000000000000000002943000000000000300000000000000000000000000000000000000010000000000000          0000306014564400000000000000000000000000000000000000000003
1022542123500018830940000316741000000                         00000000822501000000DM 00000000000000000000 01062209170011061017                    101017000000000294010400970012209170000250000000000000000000000000000000000000000000000000000000000000000000000000002940000000000000000000000000000000000000000000000000000010000000000000          0000306014564400000000000000000000000000000000000000000004
9027563094SICOOB CREDIARA          RUA MARIA RITA DE AGUIAR                          CENTRO                        38183236ARAXÁ                         MG290920170000000300000000113                                                                                                                                                                                                                    000005
