02RETORNO01COBRANÇA       30940000327964316741J REZENDE - ME                756 - BANCOOB S/A 2909170000162                                                                                                                                                                                                                                                                                               000001
1022542123500018830940000316741000000                         00000001122101000000DM 00000000000000000000 01062709170016361017                    101017000000000349010400970012709170000250000000000000000000000000000000000000000000000000000000000000000000000000003490000000000000000000000000000000000000000000000000000010000000000000          0004340692069100000000000000000000000000000000000000000002
9027563094SICOOB CREDIARA          RUA MARIA RITA DE AGUIAR                          CENTRO                        38183236ARAXÁ                         MG290920170000000100000000113                                                                                                                                                                                                                    000003
