02RETORNO01COBRANÇA       30940000327964316741J REZENDE - ME                756 - BANCOOB S/A 0809170000156                                                                                                                                                                                                                                                                                               000001
1022542123500018830940000316741000000                         00000001444901000000DM 00000000000000000000 01063107170027570817                    100817000000000349023716910013107170000250000000000000000000000000000000000000000000000000000000000000000000000000003490000000000000000000000000000000000000000000000000000010000000000000          0000699499364700000000000000000000000000000000000000000002
1022542123500018830940000316741000000                         00000002046501000000DM 00000000000000000000 01063107170026050717                    100717000000000349075630940013107170000250000000000000000000000000000000000000000000000000000000000000000000000000004042000000000055200000000000000000000000000000000000000010000000000000          0000258153466400000000000000000000000000000000000000000003
1022542123500018830940000316741000000                         00000002119801000000DM 00000000000000000000 01063107170026740817                    100817000000000349010400970013107170000250000000000000000000000000000000000000000000000000000000000000000000000000003490000000000000000000000000000000000000000000000000000010000000000000          0000954360460600000000000000000000000000000000000000000004
1022542123500018830940000316741000000                         00000001084601000000DM 00000000000000000000 01063107170015740817                    100817000000000294010400970013107170000250000000000000000000000000000000000000000000000000000000000000000000000000002940000000000000000000000000000000000000000000000000000010000000000000          0003615826760000000000000000000000000000000000000000000005
1022542123500018830940000316741000000                         00000001144301000000DM 00000000000000000000 01063107170017120817                    100817000000000294010400970013107170000250000000000000000000000000000000000000000000000000000000000000000000000000002940000000000000000000000000000000000000000000000000000010000000000000          0006761282268700000000000000000000000000000000000000000006
9027563094SICOOB CREDIARA          RUA MARIA RITA DE AGUIAR                          CENTRO                        38183236ARAXÁ                         MG080920170000000500000000113                                                                                                                                                                                                                    000007
