02RETORNO01COBRANÇA       30940000327964316741J REZENDE - ME                756 - BANCOOB S/A 0409170000148                                                                                                                                                                                                                                                                                               000001
1022542123500018830940000316741000000                         00000000158701000000DM 00000000000000000000 01062908170000730917                    100917000000000294010400970012908170000250000000000000000000000000000000000000000000000000000000000000000000000000002940000000000000000000000000000000000000000000000000000010000000000000          0000243026943000000000000000000000000000000000000000000002
1022542123500018830940000316741000000                         00000001085301000000DM 00000000000000000000 01060109170015740917                    100917000000000294010400970010109170000250000000000000000000000000000000000000000000000000000000000000000000000000002940000000000000000000000000000000000000000000000000000010000000000000          0003615826760000000000000000000000000000000000000000000003
1022542123500018830940000316741000000                         00000002120601000000DM 00000000000000000000 01063008170026740917                    100917000000000349010400970013008170000250000000000000000000000000000000000000000000000000000000000000000000000000003490000000000000000000000000000000000000000000000000000010000000000000          0000954360460600000000000000000000000000000000000000000004
1022542123500018830940000316741000000                         00000001145001000000DM 00000000000000000000 01060109170017120917                    100917000000000294010400970010109170000250000000000000000000000000000000000000000000000000000000000000000000000000002940000000000000000000000000000000000000000000000000000010000000000000          0006761282268700000000000000000000000000000000000000000005
1022542123500018830940000316741000000                         00000001158601000000DM 00000000000000000000 01060109170017221017                    101017000000000294010400970010109170000250000000000000000000000000000000000000000000000000000000000000000000000000002940000000000000000000000000000000000000000000000000000010000000000000          0000326379860000000000000000000000000000000000000000000006
1022542123500018830940000316741000000                         00000000749101000000DM 00000000000000000000 01060109170010210917                    100917000000000294010400970010109170000250000000000000000000000000000000000000000000000000000000000000000000000000002940000000000000000000000000000000000000000000000000000010000000000000          0007187518269100000000000000000000000000000000000000000007
1022542123500018830940000316741000000                         00000000858001000000DM 00000000000000000000 01063108170011611017                    101017000000000294010400970013108170000250000000000000000000000000000000000000000000000000000000000000000000000000002940000000000000000000000000000000000000000000000000000010000000000000          0004342743060000000000000000000000000000000000000000000008
1022542123500018830940000316741000000                         00000002047201000000DM 00000000000000000000 01063008170026050817                    100817000000000349075630940013008170000250000000000000000000000000000000000000000000000000000000000000000000000000004030000000000054000000000000000000000000000000000000000010000000000000          0000258153466400000000000000000000000000000000000000000009
9027563094SICOOB CREDIARA          RUA MARIA RITA DE AGUIAR                          CENTRO                        38183236ARAXÁ                         MG040920170000000800000000113                                                                                                                                                                                                                    000010
