02RETORNO01COBRANÇA       30940000327964316741J REZENDE - ME                756 - BANCOOB S/A 1209170000158                                                                                                                                                                                                                                                                                               000001
1022542123500018830940000316741000000                         00000000605601000000DM 00000000000000000000 01061109170009010917                    100917000000000294010400970011109170000250000000000000000000000000000000000000000000000000000000000000000000000000002940000000000000000000000000000000000000000000000000000010000000000000          0009470166060400000000000000000000000000000000000000000002
1022542123500018830940000316741000000                         00000001493001000000DM 00000000000000000000 01061109170028150901                    100917000000000349010400970011109170000250000000000000000000000000000000000000000000000000000000000000000000000000003490000000000000000000000000000000000000000000000000000010000000000000          0001026372666500000000000000000000000000000000000000000003
1022542123500018830940000316741000000                         00000001637001000000DM 00000000000000000000 01061109170029220917                    100917000000000349000102100011109170000250000000000000000000000000000000000000000000000000000000000000000000000000003490000000000000000000000000000000000000000000000000000010000000000000          0005554795862000000000000000000000000000000000000000000004
1022542123500018830940000316741000000                         00000001709601000000DM 00000000000000000000 01061109170029710917                    100917000000000349003334670011109170000250000000000000000000000000000000000000000000000000000000000000000000000000003490000000000000000000000000000000000000000000000000000010000000000000          0002729840060600000000000000000000000000000000000000000005
1022542123500018830940000316741000000                         00000002709501000000DM 00000000000000000000 01061109171000100817                    100917000000000638034199260011109170000250000000000000000000000000000000000000000000000000000000000000000000000000006380000000000000000000000000000000000000000000000000000010000000000000          7097303700034300000000000000000000000000000000000000000006
1022542123500018830940000316741000000                         00000000206601000000DM 00000000000000000000 01061109170002560917                    100917000000000294000102100011109170000250000000000000000000000000000000000000000000000000000000000000000000000000002940000000000000000000000000000000000000000000000000000010000000000000          0000474784860600000000000000000000000000000000000000000007
1022542123500018830940000316741000000                         00000000845401000000DM 00000000000000000000 01061109170011390917                    100917000000000294010400970011109170000250000000000000000000000000000000000000000000000000000000000000000000000000002940000000000000000000000000000000000000000000000000000010000000000000          0009651106069100000000000000000000000000000000000000000008
1022542123500018830940000316741000000                         00000002710301000000DM 00000000000000000000 01061109171000120817                    100917000000000957034199260011109170000250000000000000000000000000000000000000000000000000000000000000000000000000009570000000000000000000000000000000000000000000000000000010000000000000          7097216100012200000000000000000000000000000000000000000009
1022542123500018830940000316741000000                         00000002713501000000DM 00000000000000000000 01061109171000110817                    100917000000000987063400190011109170000250000000000000000000000000000000000000000000000000000000000000000000000000009870000000000000000000000000000000000000000000000000000010000000000000          3874637600038400000000000000000000000000000000000000000010
1022542123500018830940000316741000000                         00000002712801000000DM 00000000000000000000 01061109171000080817                    100917000000001556563400190011109170000250000000000000000000000000000000000000000000000000000000000000000000000000015565000000000000000000000000000000000000000000000000000010000000000000          3874637600011200000000000000000000000000000000000000000011
1022542123500018830940000316741000000                         00000000617401000000DM 00000000000000000000 01061109170005350917                    100917000000000294010400970011109170000250000000000000000000000000000000000000000000000000000000000000000000000000002940000000000000000000000000000000000000000000000000000010000000000000          0000659773163800000000000000000000000000000000000000000012
1022542123500018830940000316741000000                         00000000387401000000DM 00000000000000000000 01061109170004730917                    100917000000000294010400970011109170000250000000000000000000000000000000000000000000000000000000000000000000000000002940000000000000000000000000000000000000000000000000000010000000000000          0004063987868700000000000000000000000000000000000000000013
1022542123500018830940000316741000000                         00000000893801000000DM 00000000000000000000 01061109170012200917                    100917000000000294010400970011109170000250000000000000000000000000000000000000000000000000000000000000000000000000002940000000000000000000000000000000000000000000000000000010000000000000          0005183755876000000000000000000000000000000000000000000014
1022542123500018830940000316741000000                         00000002708801000000DM 00000000000000000000 01061109171000070817                    100917000000000957034199260011109170000250000000000000000000000000000000000000000000000000000000000000000000000000009570000000000000000000000000000000000000000000000000000010000000000000          7097303700069600000000000000000000000000000000000000000015
1022542123500018830940000316741000000                         00000002192601000000DM 00000000000000000000 01061109170027130917                    100917000000000349010400970011109170000250000000000000000000000000000000000000000000000000000000000000000000000000003490000000000000000000000000000000000000000000000000000010000000000000          0009652261564900000000000000000000000000000000000000000016
1022542123500018830940000316741000000                         00000000917001000000DM 00000000000000000000 01061109170012340917                    100917000000000294075640790011109170000250000000000000000000000000000000000000000000000000000000000000000000000000002940000000000000000000000000000000000000000000000000000010000000000000          0008461066260400000000000000000000000000000000000000000017
1022542123500018830940000316741000000                         00000001625201000000DM 00000000000000000000 01061109170029160917                    100917000000000349010400970011109170000250000000000000000000000000000000000000000000000000000000000000000000000000003490000000000000000000000000000000000000000000000000000010000000000000          0001248442318700000000000000000000000000000000000000000018
1022542123500018830940000316741000000                         00000000483701000000DM 00000000000000000000 01061109170007430917                    100917000000000294003334670011109170000250000000000000000000000000000000000000000000000000000000000000000000000000002940000000000000000000000000000000000000000000000000000010000000000000          0000653259166100000000000000000000000000000000000000000019
1022542123500018830940000316741000000                         00000000653001000000DM 00000000000000000000 01061109170005930917                    100917000000000294010400970011109170000250000000000000000000000000000000000000000000000000000000000000000000000000002940000000000000000000000000000000000000000000000000000010000000000000          0003023575860400000000000000000000000000000000000000000020
1022542123500018830940000316741000000                         00000001988101000000DM 00000000000000000000 01061109170025800917                    100917000000000349063400190011109170000250000000000000000000000000000000000000000000000000000000000000000000000000003490000000000000000000000000000000000000000000000000000010000000000000          0007188615063000000000000000000000000000000000000000000021
1022542123500018830940000316741000000                         00000000363801000000DM 00000000000000000000 01061109170030410917                    100917000000000349010400970011109170000250000000000000000000000000000000000000000000000000000000000000000000000000003490000000000000000000000000000000000000000000000000000010000000000000          0006919796260000000000000000000000000000000000000000000022
1022542123500018830940000316741000000                         00000002711001000000DM 00000000000000000000 01061109171000150817                    100917000000001276034199260011109170000250000000000000000000000000000000000000000000000000000000000000000000000000012760000000000000000000000000000000000000000000000000000010000000000000          7097303700093900000000000000000000000000000000000000000023
1022542123500018830940000316741000000                         00000002714201000000DM 00000000000000000000 01061109171000140817                    100917000000000319063400190011109170000250000000000000000000000000000000000000000000000000000000000000000000000000003190000000000000000000000000000000000000000000000000000010000000000000          3874637600046500000000000000000000000000000000000000000024
1022542123500018830940000316741000000                         00000002264101000000DM 00000000000000000000 01061109170014700917                    100917000000000294010400970011109170000250000000000000000000000000000000000000000000000000000000000000000000000000002940000000000000000000000000000000000000000000000000000010000000000000          0008318973461500000000000000000000000000000000000000000025
1022542123500018830940000316741000000                         00000000349401000000DM 00000000000000000000 01061109170004600917                    100917000000000294010400970011109170000250000000000000000000000000000000000000000000000000000000000000000000000000002940000000000000000000000000000000000000000000000000000010000000000000          0004085395076800000000000000000000000000000000000000000026
1022542123500018830940000316741000000                         00000001940901000000DM 00000000000000000000 01061109170025420917                    100917000000000349034109440011109170000250000000000000000000000000000000000000000000000000000000000000000000000000003490000000000000000000000000000000000000000000000000000010000000000000          0002891803760000000000000000000000000000000000000000000027
1022542123500018830940000316741000000                         00000001061701000000DM 00000000000000000000 01061109170015610917                    100917000000000294010400970011109170000250000000000000000000000000000000000000000000000000000000000000000000000000002940000000000000000000000000000000000000000000000000000010000000000000          0000512874565100000000000000000000000000000000000000000028
9027563094SICOOB CREDIARA          RUA MARIA RITA DE AGUIAR                          CENTRO                        38183236ARAXÁ                         MG120920170000002700000000113                                                                                                                                                                                                                    000029
