01REMESSA01COBRANÇA       31670844245201300255LIDER COBRANCAS E SERVICOS LTD033SANTANDER      1312170000000000000000                                                                                                                                                                                                                                                                                   000000001
1022624529400010531670844245201300255000000000000000000000000000069043000000 41000000000000000000    000000501000632011810011800000000035000333167401N250717000000000000000010000000000000000000000000000000000000000000000100019669720168FRANCISCO DOS SANTOS                    RUA JALES SIQUEIRA                 ,47  JARDIM BANDE75532622ITUMBIARA      GO                               I09      00 000002
1022624529400010531670844245201300255000000000000000000000000000069051000000 41000000000000000000    000000501000632021810021800000000035000333167401N250717000000000000000010000000000000000000000000000000000000000000000100019669720168FRANCISCO DOS SANTOS                    RUA JALES SIQUEIRA                 ,47  JARDIM BANDE75532622ITUMBIARA      GO                               I09      00 000003
1022624529400010531670844245201300255000000000000000000000000000069060000000 41000000000000000000    000000501000632031810031800000000035000333167401N250717000000000000000010000000000000000000000000000000000000000000000100019669720168FRANCISCO DOS SANTOS                    RUA JALES SIQUEIRA                 ,47  JARDIM BANDE75532622ITUMBIARA      GO                               I09      00 000004
1022624529400010531670844245201300255000000000000000000000000000069078000000 41000000000000000000    000000501000632041810041800000000035000333167401N250717000000000000000010000000000000000000000000000000000000000000000100019669720168FRANCISCO DOS SANTOS                    RUA JALES SIQUEIRA                 ,47  JARDIM BANDE75532622ITUMBIARA      GO                               I09      00 000005
1022624529400010531670844245201300255000000000000000000000000000069086000000 41000000000000000000    000000501000632051810051800000000035000333167401N250717000000000000000010000000000000000000000000000000000000000000000100019669720168FRANCISCO DOS SANTOS                    RUA JALES SIQUEIRA                 ,47  JARDIM BANDE75532622ITUMBIARA      GO                               I09      00 000006
1022624529400010531670844245201300255000000000000000000000000000069094000000 41000000000000000000    000000501000632061810061800000000035000333167401N250717000000000000000010000000000000000000000000000000000000000000000100019669720168FRANCISCO DOS SANTOS                    RUA JALES SIQUEIRA                 ,47  JARDIM BANDE75532622ITUMBIARA      GO                               I09      00 000007
1022624529400010531670844245201300255000000000000000000000000000069108000000 41000000000000000000    000000501000632071810071800000000035000333167401N250717000000000000000010000000000000000000000000000000000000000000000100019669720168FRANCISCO DOS SANTOS                    RUA JALES SIQUEIRA                 ,47  JARDIM BANDE75532622ITUMBIARA      GO                               I09      00 000008
1022624529400010531670844245201300255000000000000000000000000000069116000000 41000000000000000000    000000501000632081810081800000000035000333167401N250717000000000000000010000000000000000000000000000000000000000000000100019669720168FRANCISCO DOS SANTOS                    RUA JALES SIQUEIRA                 ,47  JARDIM BANDE75532622ITUMBIARA      GO                               I09      00 000009
1022624529400010531670844245201300255000000000000000000000000000119776000000 41000000000000000000    000000501001462011810011800000000035000333167401N131217000000000000000010000000000000000000000000000000000000000000000100000208654143MARIA DOS REMEDIOS ALMEIDA CHAVES       JACINTO BRANDAO                    ,834 CENTRO      75503110ITUMBIARA      GO                               I09      00 000010
1022624529400010531670844245201300255000000000000000000000000000119784000000 41000000000000000000    000000501001462021810021800000000035000333167401N131217000000000000000010000000000000000000000000000000000000000000000100000208654143MARIA DOS REMEDIOS ALMEIDA CHAVES       JACINTO BRANDAO                    ,834 CENTRO      75503110ITUMBIARA      GO                               I09      00 000011
1022624529400010531670844245201300255000000000000000000000000000119792000000 41000000000000000000    000000501001462031810031800000000035000333167401N131217000000000000000010000000000000000000000000000000000000000000000100000208654143MARIA DOS REMEDIOS ALMEIDA CHAVES       JACINTO BRANDAO                    ,834 CENTRO      75503110ITUMBIARA      GO                               I09      00 000012
1022624529400010531670844245201300255000000000000000000000000000119806000000 41000000000000000000    000000501001462041810041800000000035000333167401N131217000000000000000010000000000000000000000000000000000000000000000100000208654143MARIA DOS REMEDIOS ALMEIDA CHAVES       JACINTO BRANDAO                    ,834 CENTRO      75503110ITUMBIARA      GO                               I09      00 000013
1022624529400010531670844245201300255000000000000000000000000000119814000000 41000000000000000000    000000501001462051810051800000000035000333167401N131217000000000000000010000000000000000000000000000000000000000000000100000208654143MARIA DOS REMEDIOS ALMEIDA CHAVES       JACINTO BRANDAO                    ,834 CENTRO      75503110ITUMBIARA      GO                               I09      00 000014
1022624529400010531670844245201300255000000000000000000000000000119822000000 41000000000000000000    000000501001462061810061800000000035000333167401N131217000000000000000010000000000000000000000000000000000000000000000100000208654143MARIA DOS REMEDIOS ALMEIDA CHAVES       JACINTO BRANDAO                    ,834 CENTRO      75503110ITUMBIARA      GO                               I09      00 000015
9000014000000004900000000000000000000000000000000000000000000000000000000000000000000000000000000000000000000000000000000000000000000000000000000000000000000000000000000000000000000000000000000000000000000000000000000000000000000000000000000000000000000000000000000000000000000000000000000000000000000000000000000000000000000000000000000000000000000000000000000000000000000000000000000000000000000016
