02RETORNO01COBRANÇA       30940000327964316741J REZENDE                     756 - BANCOOB S/A 2505210000474                                                                                                                                                                                                                                                                                               000001
1022542123500018830940000316741000000                         00000007475101000000DM 00000000000000000000 01062105210028820521                    100521000000000400010400970012105210000250000000000000000000000000000000000000000000000000000000000000000000000000004004000000000000400000000000000000000000000000000000000010000000000000          0008182941865300000000000000000000000000000000000000000002
9027563094SICOOB CREDIARA          R D BOSCO                                         Centro                        38183228Araxá                         MG250520210000000100000000113                                                                                                                                                                                                                    000003
