02RETORNO01COBRANÇA       30940000327964316741J REZENDE                     756 - BANCOOB S/A 2505210000473                                                                                                                                                                                                                                                                                               000001
1022542123500018830940000316741000000                         00000007210001000000DM 00000000000000000000 01061405210010140621                    100621000000000400010400970011405210000250000000000000000000000000000000000000000000000000000000000000000000000000004000000000000000000000000000000000000000000000000000000010000000000000          0005764752663400000000000000000000000000000000000000000002
1022542123500018830940000316741000000                         00000007053201000000DM 00000000000000000000 01061105210014700521                    100521000000000380010400970011105210000250000000000000000000000000000000000000000000000000000000000000000000000000003803000000000000300000000000000000000000000000000000000010000000000000          0008318973461500000000000000000000000000000000000000000003
1022542123500018830940000316741000000                         00000007330901000000DM 00000000000000000000 01061105210001140621                    100621000000000380010400970011105210000250000000000000000000000000000000000000000000000000000000000000000000000000003800000000000000000000000000000000000000000000000000000010000000000000          0004897155363400000000000000000000000000000000000000000004
1022542123500018830940000316741000000                         00000007353801000000DM 00000000000000000000 01061105210000410521                    100521000000000380010400970011105210000250000000000000000000000000000000000000000000000000000000000000000000000000003803000000000000300000000000000000000000000000000000000010000000000000          0000565324365500000000000000000000000000000000000000000005
1022542123500018830940000316741000000                         00000007377401000000DM 00000000000000000000 01061105210028160521                    100521000000000400010400970011105210000250000000000000000000000000000000000000000000000000000000000000000000000000004004000000000000400000000000000000000000000000000000000010000000000000          0008257197068200000000000000000000000000000000000000000006
1022542123500018830940000316741000000                         00000007508001000000DM 00000000000000000000 01061105210035750521                    100521000000000400010400970011105210000250000000000000000000000000000000000000000000000000000000000000000000000000004004000000000000400000000000000000000000000000000000000010000000000000          0000188321888800000000000000000000000000000000000000000007
9027563094SICOOB CREDIARA          R D BOSCO                                         Centro                        38183228Araxá                         MG250520210000000600000000113                                                                                                                                                                                                                    000008
