02RETORNO01COBRANÇA       30940000327964316741J REZENDE                     756 - BANCOOB S/A 2505210000470                                                                                                                                                                                                                                                                                               000001
1022542123500018830940000316741000000                         00000007425301000000DM 00000000000000000000 01063004210005350521                    100521000000000380003334670013004210000250000000000000000000000000000000000000000000000000000000000000000000000000003800000000000000000000000000000000000000000000000000000010000000000000          0000659773163800000000000000000000000000000000000000000002
1022542123500018830940000316741000000                         00000007426001000000DM 00000000000000000000 01063004210005350621                    100621000000000380003334670013004210000250000000000000000000000000000000000000000000000000000000000000000000000000003800000000000000000000000000000000000000000000000000000010000000000000          0000659773163800000000000000000000000000000000000000000003
1022542123500018830940000316741000000                         00000006873501000000DM 00000000000000000000 01063004210026740521                    100521000000000400010400970013004210000250000000000000000000000000000000000000000000000000000000000000000000000000004000000000000000000000000000000000000000000000000000000010000000000000          0000954360460600000000000000000000000000000000000000000004
1022542123500018830940000316741000000                         00000007523001000000DM 00000000000000000000 01063004211000250321                    100421000000000895010400970013004210000250000000000000000000000000000000000000000000000000000000000000000000000000008958000000000000800000000000000000000000000000000000000010000000000000          2604146700017300000000000000000000000000000000000000000005
1022542123500018830940000316741000000                         00000007149401000000DM 00000000000000000000 01062904210002360521                    100521000000000400010400970012904210000250000000000000000000000000000000000000000000000000000000000000000000000000004000000000000000000000000000000000000000000000000000000010000000000000          0000569370264200000000000000000000000000000000000000000006
1022542123500018830940000316741000000                         00000007232101000000DM 00000000000000000000 01062904210022690421                    100421000000000400010400970012904210000250000000000000000000000000000000000000000000000000000000000000000000000000004004000000000000400000000000000000000000000000000000000010000000000000          0006307307269100000000000000000000000000000000000000000007
1022542123500018830940000316741000000                         00000007244001000000DM 00000000000000000000 01062904210005450421                    100421000000000380010400970012904210000250000000000000000000000000000000000000000000000000000000000000000000000000003803000000000000300000000000000000000000000000000000000010000000000000          0003013578866800000000000000000000000000000000000000000008
9027563094SICOOB CREDIARA          R D BOSCO                                         Centro                        38183228Araxá                         MG250520210000000700000000113                                                                                                                                                                                                                    000009
