02RETORNO01COBRANÇA       30940000327964316741J REZENDE                     756 - BANCOOB S/A 2505210000471                                                                                                                                                                                                                                                                                               000001
1022542123500018830940000316741000000                         00000007329001000000DM 00000000000000000000 01060505210001140521                    100521000000000380010400970010505210000250000000000000000000000000000000000000000000000000000000000000000000000000003800000000000000000000000000000000000000000000000000000010000000000000          0004897155363400000000000000000000000000000000000000000002
1022542123500018830940000316741000000                         00000006897101000000DM 00000000000000000000 01060505210011610521                    100521000000000380010400970010505210000250000000000000000000000000000000000000000000000000000000000000000000000000003800000000000000000000000000000000000000000000000000000010000000000000          0004342743060000000000000000000000000000000000000000000003
1022542123500018830940000316741000000                         00000007017701000000DM 00000000000000000000 01060505210024530521                    100521000000000400010400970010505210000250000000000000000000000000000000000000000000000000000000000000000000000000004000000000000000000000000000000000000000000000000000000010000000000000          0003607094764900000000000000000000000000000000000000000004
1022542123500018830940000316741000000                         00000006861701000000DM 00000000000000000000 01060405210014580521                    100521000000000380010400970010405210000250000000000000000000000000000000000000000000000000000000000000000000000000003800000000000000000000000000000000000000000000000000000010000000000000          0002361630010000000000000000000000000000000000000000000005
1022542123500018830940000316741000000                         00000006909501000000DM 00000000000000000000 01060305210005190521                    100521000000000380010400970010305210000250000000000000000000000000000000000000000000000000000000000000000000000000003800000000000000000000000000000000000000000000000000000010000000000000          0007188477760000000000000000000000000000000000000000000006
9027563094SICOOB CREDIARA          R D BOSCO                                         Centro                        38183228Araxá                         MG250520210000000500000000113                                                                                                                                                                                                                    000007
