02RETORNO01COBRANÇA       30940000327964316741J REZENDE                     756 - BANCOOB S/A 2505210000472                                                                                                                                                                                                                                                                                               000001
1022542123500018830940000316741000000                         00000007041401000000DM 00000000000000000000 01061005210004140521                    100521000000000400003334670011005210000250000000000000000000000000000000000000000000000000000000000000000000000000004000000000000000000000000000000000000000000000000000000010000000000000          0000303613564200000000000000000000000000000000000000000002
1022542123500018830940000316741000000                         00000007341001000000DM 00000000000000000000 01061005210028150521                    100521000000000400010400970011005210000250000000000000000000000000000000000000000000000000000000000000000000000000004000000000000000000000000000000000000000000000000000000010000000000000          0001026372666500000000000000000000000000000000000000000003
1022542123500018830940000316741000000                         00000007532701000000DM 00000000000000000000 01061005211000250421                    100521000000000895010400970011005210000250000000000000000000000000000000000000000000000000000000000000000000000000008950000000000000000000000000000000000000000000000000000010000000000000          2604146700017300000000000000000000000000000000000000000004
1022542123500018830940000316741000000                         00000007531001000000DM 00000000000000000000 01061005211000250421                    100521000000040680010400970011005210000250000000000000000000000000000000000000000000000000000000000000000000000000406800000000000000000000000000000000000000000000000000000010000000000000          2604122800011300000000000000000000000000000000000000000005
1022542123500018830940000316741000000                         00000007533401000000DM 00000000000000000000 01061005211000280521                    100521000000000777013657310011005210000250000000000000000000000000000000000000000000000000000000000000000000000000007770000000000000000000000000000000000000000000000000000010000000000000          0581273600018800000000000000000000000000000000000000000006
1022542123500018830940000316741000000                         00000007137601000000DM 00000000000000000000 01061005210023040521                    100521000000000400010400970011005210000250000000000000000000000000000000000000000000000000000000000000000000000000004000000000000000000000000000000000000000000000000000000010000000000000          0004225353567200000000000000000000000000000000000000000007
1022542123500018830940000316741000000                         00000007099001000000DM 00000000000000000000 01061005210027130321                    100321000000000400010400970011005210000250000000000000000000000000000000000000000000000000000000000000000000000000004004000000000000400000000000000000000000000000000000000010000000000000          0009652261564900000000000000000000000000000000000000000008
1022542123500018830940000316741000000                         00000007401701000000DM 00000000000000000000 01061005210005930521                    100521000000000380010400970011005210000250000000000000000000000000000000000000000000000000000000000000000000000000003800000000000000000000000000000000000000000000000000000010000000000000          0003023575860400000000000000000000000000000000000000000009
1022542123500018830940000316741000000                         00000007100401000000DM 00000000000000000000 01061005210027130421                    100421000000000400010400970011005210000250000000000000000000000000000000000000000000000000000000000000000000000000004004000000000000400000000000000000000000000000000000000010000000000000          0009652261564900000000000000000000000000000000000000000010
1022542123500018830940000316741000000                         00000007029501000000DM 00000000000000000000 01061005210009010521                    100521000000000380010400970011005210000250000000000000000000000000000000000000000000000000000000000000000000000000003800000000000000000000000000000000000000000000000000000010000000000000          0009470166060400000000000000000000000000000000000000000011
1022542123500018830940000316741000000                         00000007527001000000DM 00000000000000000000 01061005211000100421                    100521000000000760000142020011005210000250000000000000000000000000000000000000000000000000000000000000000000000000007600000000000000000000000000000000000000000000000000000010000000000000          7097303700034300000000000000000000000000000000000000000012
1022542123500018830940000316741000000                         00000007528701000000DM 00000000000000000000 01061005211000150421                    100521000000000380000142020011005210000250000000000000000000000000000000000000000000000000000000000000000000000000003800000000000000000000000000000000000000000000000000000010000000000000          7097303700093900000000000000000000000000000000000000000013
1022542123500018830940000316741000000                         00000007526201000000DM 00000000000000000000 01061005211000070421                    100521000000000380000142020011005210000250000000000000000000000000000000000000000000000000000000000000000000000000003800000000000000000000000000000000000000000000000000000010000000000000          7097303700069600000000000000000000000000000000000000000014
1022542123500018830940000316741000000                         00000007065001000000DM 00000000000000000000 01061005210030690521                    100521000000000400075630940011005210000250000000000000000000000000000000000000000000000000000000000000000000000000004000000000000000000000000000000000000000000000000000000010000000000000          0006037461660400000000000000000000000000000000000000000015
1022542123500018830940000316741000000                         00000007098301000000DM 00000000000000000000 01061005210027130221                    100221000000000400010400970011005210000250000000000000000000000000000000000000000000000000000000000000000000000000004004000000000000400000000000000000000000000000000000000010000000000000          0009652261564900000000000000000000000000000000000000000016
1022542123500018830940000316741000000                         00000007365601000000DM 00000000000000000000 01061005210004160521                    100521000000000380063300010011005210000250000000000000000000000000000000000000000000000000000000000000000000000000003800000000000000000000000000000000000000000000000000000010000000000000          0009147587261500000000000000000000000000000000000000000017
1022542123500018830940000316741000000                         00000007101101000000DM 00000000000000000000 01061005210027130521                    100521000000000400010400970011005210000250000000000000000000000000000000000000000000000000000000000000000000000000004000000000000000000000000000000000000000000000000000000010000000000000          0009652261564900000000000000000000000000000000000000000018
1022542123500018830940000316741000000                         00000006957901000000DM 00000000000000000000 01061005210025270521                    100521000000000400010400970011005210000250000000000000000000000000000000000000000000000000000000000000000000000000004000000000000000000000000000000000000000000000000000000010000000000000          0000677178867900000000000000000000000000000000000000000019
1022542123500018830940000316741000000                         00000007113001000000DM 00000000000000000000 01061005210011030521                    100521000000000380063300010011005210000250000000000000000000000000000000000000000000000000000000000000000000000000003800000000000000000000000000000000000000000000000000000010000000000000          0008715135969100000000000000000000000000000000000000000020
1022542123500018830940000316741000000                         00000007293001000000DM 00000000000000000000 01061005210006480521                    100521000000000400010400970011005210000250000000000000000000000000000000000000000000000000000000000000000000000000004000000000000000000000000000000000000000000000000000000010000000000000          0001612677762000000000000000000000000000000000000000000021
1022542123500018830940000316741000000                         00000005911101000000DM 00000000000000000000 01091005210030711120                    101120000000000400075630940011005210000100000000000000000000000000000000000000000000000000000000000000000000000000004000000000000000000000000000000000000000000000000000000010000000000000          0000953633063600000000000000000000000000000000000000000022
1022542123500018830940000316741000000                         00000006019201000000DM 00000000000000000000 01091005210002471120                    101120000000000360075630940011005210000100000000000000000000000000000000000000000000000000000000000000000000000000003600000000000000000000000000000000000000000000000000000010000000000000          0000356167569700000000000000000000000000000000000000000023
1022542123500018830940000316741000000                         00000006151001000000DM 00000000000000000000 01091005210030701120                    101120000000000400075630940011005210000100000000000000000000000000000000000000000000000000000000000000000000000000004000000000000000000000000000000000000000000000000000000010000000000000          0001212798465000000000000000000000000000000000000000000024
1022542123500018830940000316741000000                         00000006163901000000DM 00000000000000000000 01091005210004531120                    101120000000000400075630940011005210000100000000000000000000000000000000000000000000000000000000000000000000000000004000000000000000000000000000000000000000000000000000000010000000000000          0000786278560600000000000000000000000000000000000000000025
1022542123500018830940000316741000000                         00000006187501000000DM 00000000000000000000 01091005210008391120                    101120000000000360075630940011005210000100000000000000000000000000000000000000000000000000000000000000000000000000003600000000000000000000000000000000000000000000000000000010000000000000          0004904386264900000000000000000000000000000000000000000026
1022542123500018830940000316741000000                         00000006223601000000DM 00000000000000000000 01091005210010201120                    101120000000000400075630940011005210000100000000000000000000000000000000000000000000000000000000000000000000000000004000000000000000000000000000000000000000000000000000000010000000000000          0003616071763400000000000000000000000000000000000000000027
1022542123500018830940000316741000000                         00000006235401000000DM 00000000000000000000 01091005210017221120                    101120000000000360075630940011005210000100000000000000000000000000000000000000000000000000000000000000000000000000003600000000000000000000000000000000000000000000000000000010000000000000          0000326379860000000000000000000000000000000000000000000028
1022542123500018830940000316741000000                         00000006247201000000DM 00000000000000000000 01091005210017831120                    101120000000000360075630940011005210000100000000000000000000000000000000000000000000000000000000000000000000000000003600000000000000000000000000000000000000000000000000000010000000000000          0007674540669100000000000000000000000000000000000000000029
1022542123500018830940000316741000000                         00000006271001000000DM 00000000000000000000 01091005210030141120                    101120000000000400075630940011005210000100000000000000000000000000000000000000000000000000000000000000000000000000004000000000000000000000000000000000000000000000000000000010000000000000          0000506908968400000000000000000000000000000000000000000030
1022542123500018830940000316741000000                         00000006283801000000DM 00000000000000000000 01091005210029271120                    101120000000000400075630940011005210000100000000000000000000000000000000000000000000000000000000000000000000000000004000000000000000000000000000000000000000000000000000000010000000000000          0001166686868000000000000000000000000000000000000000000031
1022542123500018830940000316741000000                         00000006367101000000DM 00000000000000000000 01091005210023971120                    101120000000000400075630940011005210000100000000000000000000000000000000000000000000000000000000000000000000000000004000000000000000000000000000000000000000000000000000000010000000000000          0007188737762000000000000000000000000000000000000000000032
1022542123500018830940000316741000000                         00000006379001000000DM 00000000000000000000 01091005210026651120                    101120000000000400075630940011005210000100000000000000000000000000000000000000000000000000000000000000000000000000004000000000000000000000000000000000000000000000000000000010000000000000          0000694769266000000000000000000000000000000000000000000033
1022542123500018830940000316741000000                         00000006391901000000DM 00000000000000000000 01091005210028811120                    101120000000000400075630940011005210000100000000000000000000000000000000000000000000000000000000000000000000000000004000000000000000000000000000000000000000000000000000000010000000000000          0002729612165300000000000000000000000000000000000000000034
1022542123500018830940000316741000000                         00000006450901000000DM 00000000000000000000 01091005210030721120                    101120000000000400075630940011005210000100000000000000000000000000000000000000000000000000000000000000000000000000004000000000000000000000000000000000000000000000000000000010000000000000          0000317910663800000000000000000000000000000000000000000035
1022542123500018830940000316741000000                         00000006486301000000DM 00000000000000000000 01091005210022821120                    101120000000000360075630940011005210000100000000000000000000000000000000000000000000000000000000000000000000000000003600000000000000000000000000000000000000000000000000000010000000000000          0007188059365300000000000000000000000000000000000000000036
1022542123500018830940000316741000000                         00000006498101000000DM 00000000000000000000 01091005210029221120                    101120000000000400075630940011005210000100000000000000000000000000000000000000000000000000000000000000000000000000004000000000000000000000000000000000000000000000000000000010000000000000          0005554795862000000000000000000000000000000000000000000037
1022542123500018830940000316741000000                         00000006570801000000DM 00000000000000000000 01091005210023391120                    101120000000000400075630940011005210000100000000000000000000000000000000000000000000000000000000000000000000000000004000000000000000000000000000000000000000000000000000000010000000000000          0003615945069700000000000000000000000000000000000000000038
1022542123500018830940000316741000000                         00000006582601000000DM 00000000000000000000 01091005210026051120                    101120000000000400075630940011005210000100000000000000000000000000000000000000000000000000000000000000000000000000004000000000000000000000000000000000000000000000000000000010000000000000          0000258153466400000000000000000000000000000000000000000039
1022542123500018830940000316741000000                         00000006606801000000DM 00000000000000000000 01091005210004371120                    101120000000000360075630940011005210000100000000000000000000000000000000000000000000000000000000000000000000000000003600000000000000000000000000000000000000000000000000000010000000000000          0001313854565300000000000000000000000000000000000000000040
1022542123500018830940000316741000000                         00000006630501000000DM 00000000000000000000 01091005210030761120                    101120000000000400075630940011005210000100000000000000000000000000000000000000000000000000000000000000000000000000004000000000000000000000000000000000000000000000000000000010000000000000          0000479186480800000000000000000000000000000000000000000041
1022542123500018830940000316741000000                         00000006666001000000DM 00000000000000000000 01091005210029711120                    101120000000000400075630940011005210000100000000000000000000000000000000000000000000000000000000000000000000000000004000000000000000000000000000000000000000000000000000000010000000000000          0002729840060600000000000000000000000000000000000000000042
1022542123500018830940000316741000000                         00000006700601000000DM 00000000000000000000 01091005210026731120                    101120000000000400075630940011005210000100000000000000000000000000000000000000000000000000000000000000000000000000004000000000000000000000000000000000000000000000000000000010000000000000          0000945536569300000000000000000000000000000000000000000043
1022542123500018830940000316741000000                         00000006735301000000DM 00000000000000000000 01091005210008411120                    101120000000000360075630940011005210000100000000000000000000000000000000000000000000000000000000000000000000000000003600000000000000000000000000000000000000000000000000000010000000000000          0004459589168700000000000000000000000000000000000000000044
1022542123500018830940000316741000000                         00000006853801000000DM 00000000000000000000 01091005211000181020                    101120000000002800075630940011005210000100000000000000000000000000000000000000000000000000000000000000000000000000028000000000000000000000000000000000000000000000000000000010000000000000          1823706600016500000000000000000000000000000000000000000045
1022542123500018830940000316741000000                         00000007005901000000DM 00000000000000000000 01060705210016360521                    100521000000000400010400970010705210000250000000000000000000000000000000000000000000000000000000000000000000000000004000000000000000000000000000000000000000000000000000000010000000000000          0004340692069100000000000000000000000000000000000000000046
1022542123500018830940000316741000000                         00000007305401000000DM 00000000000000000000 01060705210029010521                    100521000000000400010400970010705210000250000000000000000000000000000000000000000000000000000000000000000000000000004000000000000000000000000000000000000000000000000000000010000000000000          0002483652468700000000000000000000000000000000000000000047
1022542123500018830940000316741000000                         00000006945001000000DM 00000000000000000000 01060705210014950521                    100521000000000380010400970010705210000250000000000000000000000000000000000000000000000000000000000000000000000000003800000000000000000000000000000000000000000000000000000010000000000000          0000136752462800000000000000000000000000000000000000000048
1022542123500018830940000316741000000                         00000006969701000000DM 00000000000000000000 01060605210017950521                    100521000000000380010400970010605210000250000000000000000000000000000000000000000000000000000000000000000000000000003800000000000000000000000000000000000000000000000000000010000000000000          0000027258068600000000000000000000000000000000000000000049
1022542123500018830940000316741000000                         00000006981601000000DM 00000000000000000000 01060605210010200521                    100521000000000400010400970010605210000250000000000000000000000000000000000000000000000000000000000000000000000000004000000000000000000000000000000000000000000000000000000010000000000000          0003616071763400000000000000000000000000000000000000000050
1022542123500018830940000316741000000                         00000007077901000000DM 00000000000000000000 01060605210027000521                    100521000000000400010400970010605210000250000000000000000000000000000000000000000000000000000000000000000000000000004000000000000000000000000000000000000000000000000000000010000000000000          0000487456467400000000000000000000000000000000000000000051
9027563094SICOOB CREDIARA          R D BOSCO                                         Centro                        38183228Araxá                         MG250520210000005000000000113                                                                                                                                                                                                                    000052
