02RETORNO01COBRANÇA       30940000327964316741J REZENDE - ME                756 - BANCOOB S/A 1505180000229                                                                                                                                                                                                                                                                                               000001
1022542123500018830940000316741000000                         00000004589901000000DM 00000000000000000000 01061105181000080418                    100518000000003318575630940011105180000250000000000000000000000000000000000000000000000000000000000000000000000000033229000000000004400000000000000000000000000000000000000010000000000000          3874637600011200000000000000000000000000000000000000000002
1022542123500018830940000316741000000                         00000004497601000000DM 00000000000000000000 01061105180030680418                    100418000000000374075630940011105180000250000000000000000000000000000000000000000000000000000000000000000000000000004144000000000040400000000000000000000000000000000000000010000000000000          0000377887650300000000000000000000000000000000000000000003
1022542123500018830940000316741000000                         00000004591401000000DM 00000000000000000000 01061105181000140418                    100518000000000349075630940011105180000250000000000000000000000000000000000000000000000000000000000000000000000000003840000000000035000000000000000000000000000000000000000010000000000000          3874637600046500000000000000000000000000000000000000000004
1022542123500018830940000316741000000                         00000003302601000000DM 00000000000000000000 01061405180012340518                    100518000000000324075630940011405180000250000000000000000000000000000000000000000000000000000000000000000000000000003568000000000032800000000000000000000000000000000000000010000000000000          0008461066260400000000000000000000000000000000000000000005
1022542123500018830940000316741000000                         00000004498301000000DM 00000000000000000000 01061105180030680518                    100518000000000374075630940011105180000250000000000000000000000000000000000000000000000000000000000000000000000000004115000000000037500000000000000000000000000000000000000010000000000000          0000377887650300000000000000000000000000000000000000000006
1022542123500018830940000316741000000                         00000004590701000000DM 00000000000000000000 01061105181000110418                    100518000000001734575630940011105180000250000000000000000000000000000000000000000000000000000000000000000000000000019090000000000174500000000000000000000000000000000000000010000000000000          3874637600038400000000000000000000000000000000000000000007
9027563094SICOOB CREDIARA          RUA MARIA RITA DE AGUIAR                          CENTRO                        38183236ARAXÁ                         MG150520180000000600000000113                                                                                                                                                                                                                    000008
