02RETORNO01COBRANÇA       30940000327964316741J REZENDE - ME                756 - BANCOOB S/A 0805180000228                                                                                                                                                                                                                                                                                               000001
1022542123500018830940000316741000000                         00000004122901000000DM 00000000000000000000 01060805180004270518                    100518000000000324010400970010805180000250000000000000000000000000000000000000000000000000000000000000000000000000003240000000000000000000000000000000000000000000000000000010000000000000          0000329979965700000000000000000000000000000000000000000002
1022542123500018830940000316741000000                         00000004134701000000DM 00000000000000000000 01060805180027500518                    100518000000000374010400970010805180000250000000000000000000000000000000000000000000000000000000000000000000000000003740000000000000000000000000000000000000000000000000000010000000000000          0000282899960200000000000000000000000000000000000000000003
1022542123500018830940000316741000000                         00000003242901000000DM 00000000000000000000 01060805180010460518                    100518000000000324010400970010805180000250000000000000000000000000000000000000000000000000000000000000000000000000003240000000000000000000000000000000000000000000000000000010000000000000          0000013014064300000000000000000000000000000000000000000004
1022542123500018830940000316741000000                         00000003470901000000DM 00000000000000000000 01060805180016360518                    100518000000000374010400970010805180000250000000000000000000000000000000000000000000000000000000000000000000000000003740000000000000000000000000000000000000000000000000000010000000000000          0004340692069100000000000000000000000000000000000000000005
1022542123500018830940000316741000000                         00000004522601000000DM 00000000000000000000 01060805180025540518                    100518000000000349003334670010805180000250000000000000000000000000000000000000000000000000000000000000000000000000003490000000000000000000000000000000000000000000000000000010000000000000          0006612599561500000000000000000000000000000000000000000006
1022542123500018830940000316741000000                         00000003834001000000DM 00000000000000000000 01060805180030140518                    100518000000000374010400970010805180000250000000000000000000000000000000000000000000000000000000000000000000000000003740000000000000000000000000000000000000000000000000000010000000000000          0000506908968400000000000000000000000000000000000000000007
1022542123500018830940000316741000000                         00000003458001000000DM 00000000000000000000 01060805180015980518                    100518000000000324010400970010805180000250000000000000000000000000000000000000000000000000000000000000000000000000003240000000000000000000000000000000000000000000000000000010000000000000          0007886934067800000000000000000000000000000000000000000008
1022542123500018830940000316741000000                         00000002866701000000DM 00000000000000000000 01060805180004220518                    100518000000000324010400970010805180000250000000000000000000000000000000000000000000000000000000000000000000000000003240000000000000000000000000000000000000000000000000000010000000000000          0007415855469100000000000000000000000000000000000000000009
1022542123500018830940000316741000000                         00000003870601000000DM 00000000000000000000 01060805180025270518                    100518000000000374010400970010805180000250000000000000000000000000000000000000000000000000000000000000000000000000003740000000000000000000000000000000000000000000000000000010000000000000          0000677178867900000000000000000000000000000000000000000010
1022542123500018830940000316741000000                         00000003050401000000DM 00000000000000000000 01060805180008410518                    100518000000000324010400970010805180000250000000000000000000000000000000000000000000000000000000000000000000000000003240000000000000000000000000000000000000000000000000000010000000000000          0004459589168700000000000000000000000000000000000000000011
1022542123500018830940000316741000000                         00000002902801000000DM 00000000000000000000 01060805180004530518                    100518000000000374010400970010805180000250000000000000000000000000000000000000000000000000000000000000000000000000003740000000000000000000000000000000000000000000000000000010000000000000          0000786278560600000000000000000000000000000000000000000012
1022542123500018830940000316741000000                         00000003637901000000DM 00000000000000000000 01060805180028160518                    100518000000000374010400970010805180000250000000000000000000000000000000000000000000000000000000000000000000000000003740000000000000000000000000000000000000000000000000000010000000000000          0008257197068200000000000000000000000000000000000000000013
1022542123500018830940000316741000000                         00000003362801000000DM 00000000000000000000 01060805180024530518                    100518000000000374010400970010805180000250000000000000000000000000000000000000000000000000000000000000000000000000003740000000000000000000000000000000000000000000000000000010000000000000          0003607094764900000000000000000000000000000000000000000014
9027563094SICOOB CREDIARA          RUA MARIA RITA DE AGUIAR                          CENTRO                        38183236ARAXÁ                         MG110520180000001300000000113                                                                                                                                                                                                                    000015
