02RETORNO01COBRANÇA       30940000327964316741J REZENDE - ME                756 - BANCOOB S/A 0405180000224                                                                                                                                                                                                                                                                                               000001
1022542123500018830940000316741000000                         00000003882401000000DM 00000000000000000000 01060305180025190518                    100518000000000374010407080010305180000250000000000000000000000000000000000000000000000000000000000000000000000000003740000000000000000000000000000000000000000000000000000010000000000000          0008540006863400000000000000000000000000000000000000000002
1022542123500018830940000316741000000                         00000004002001000000DM 00000000000000000000 01060305180026860518                    100518000000000374034199260010305180000250000000000000000000000000000000000000000000000000000000000000000000000000003740000000000000000000000000000000000000000000000000000010000000000000          0003407094060000000000000000000000000000000000000000000003
1022542123500018830940000316741000000                         00000002890401000000DM 00000000000000000000 01060305180004370518                    100518000000000324010400970010305180000250000000000000000000000000000000000000000000000000000000000000000000000000003240000000000000000000000000000000000000000000000000000010000000000000          0001313854565300000000000000000000000000000000000000000004
9027563094SICOOB CREDIARA          RUA MARIA RITA DE AGUIAR                          CENTRO                        38183236ARAXÁ                         MG040520180000000300000000113                                                                                                                                                                                                                    000005
