02RETORNO01COBRANÇA       30940000327964316741J REZENDE - ME                756 - BANCOOB S/A 0805180000225                                                                                                                                                                                                                                                                                               000001
1022542123500018830940000316741000000                         00000003146601000000DM 00000000000000000000 01060705180005930518                    100518000000000324034199260010705180000250000000000000000000000000000000000000000000000000000000000000000000000000003240000000000000000000000000000000000000000000000000000010000000000000          0003023575860400000000000000000000000000000000000000000002
1022542123500018830940000316741000000                         00000003697001000000DM 00000000000000000000 01060705180029010518                    100518000000000374010400970010705180000250000000000000000000000000000000000000000000000000000000000000000000000000003740000000000000000000000000000000000000000000000000000010000000000000          0002483652468700000000000000000000000000000000000000000003
1022542123500018830940000316741000000                         00000004086801000000DM 00000000000000000000 01060705180014700518                    100518000000000324010400970010705180000250000000000000000000000000000000000000000000000000000000000000000000000000003240000000000000000000000000000000000000000000000000000010000000000000          0008318973461500000000000000000000000000000000000000000004
1022542123500018830940000316741000000                         00000004098601000000DM 00000000000000000000 01060705180014950518                    100518000000000324010400970010705180000250000000000000000000000000000000000000000000000000000000000000000000000000003240000000000000000000000000000000000000000000000000000010000000000000          0000136752462800000000000000000000000000000000000000000005
1022542123500018830940000316741000000                         00000003661601000000DM 00000000000000000000 01060705180028820518                    100518000000000374010400970010705180000250000000000000000000000000000000000000000000000000000000000000000000000000003740000000000000000000000000000000000000000000000000000010000000000000          0002486093060600000000000000000000000000000000000000000006
1022542123500018830940000316741000000                         00000003966801000000DM 00000000000000000000 01060705180026710518                    100518000000000374010400970010705180000250000000000000000000000000000000000000000000000000000000000000000000000000003740000000000000000000000000000000000000000000000000000010000000000000          0005764341515300000000000000000000000000000000000000000007
1022542123500018830940000316741000000                         00000003194001000000DM 00000000000000000000 01060705180009530518                    100518000000000324010400970010705180000250000000000000000000000000000000000000000000000000000000000000000000000000003240000000000000000000000000000000000000000000000000000010000000000000          0004361846464900000000000000000000000000000000000000000008
1022542123500018830940000316741000000                         00000004158301000000DM 00000000000000000000 01060705180002360518                    100518000000000374010400970010705180000250000000000000000000000000000000000000000000000000000000000000000000000000003740000000000000000000000000000000000000000000000000000010000000000000          0000569370264200000000000000000000000000000000000000000009
1022542123500018830940000316741000000                         00000003494501000000DM 00000000000000000000 01060705180017220518                    100518000000000324010400970010705180000250000000000000000000000000000000000000000000000000000000000000000000000000003240000000000000000000000000000000000000000000000000000010000000000000          0000326379860000000000000000000000000000000000000000000010
1022542123500018830940000316741000000                         00000003506901000000DM 00000000000000000000 01060705180017340518                    100518000000000324010400970010705180000250000000000000000000000000000000000000000000000000000000000000000000000000003240000000000000000000000000000000000000000000000000000010000000000000          0006300667766800000000000000000000000000000000000000000011
1022542123500018830940000316741000000                         00000003685201000000DM 00000000000000000000 01060705180028970518                    100518000000000374010400970010705180000250000000000000000000000000000000000000000000000000000000000000000000000000003740000000000000000000000000000000000000000000000000000010000000000000          0005968516666800000000000000000000000000000000000000000012
1022542123500018830940000316741000000                         00000004074001000000DM 00000000000000000000 01060705180014580518                    100518000000000324010400970010705180000250000000000000000000000000000000000000000000000000000000000000000000000000003240000000000000000000000000000000000000000000000000000010000000000000          0002361630010000000000000000000000000000000000000000000013
9027563094SICOOB CREDIARA          RUA MARIA RITA DE AGUIAR                          CENTRO                        38183236ARAXÁ                         MG080520180000001200000000113                                                                                                                                                                                                                    000014
