02RETORNO01COBRANÇA       30940000327964316741J REZENDE - ME                756 - BANCOOB S/A 2905180000231                                                                                                                                                                                                                                                                                               000001
1022542123500018830940000316741000000                         00000003540001000000DM 00000000000000000000 01062805180022660418                    100418000000000374075630940012805180000250000000000000000000000000000000000000000000000000000000000000000000000000003804000000000006400000000000000000000000000000000000000010000000000000          0004170441060600000000000000000000000000000000000000000002
1022542123500018830940000316741000000                         00000003541701000000DM 00000000000000000000 01062805180022660518                    100518000000000374075630940012805180000250000000000000000000000000000000000000000000000000000000000000000000000000003765000000000002500000000000000000000000000000000000000010000000000000          0004170441060600000000000000000000000000000000000000000003
9027563094SICOOB CREDIARA          RUA MARIA RITA DE AGUIAR                          CENTRO                        38183236ARAXÁ                         MG290520180000000200000000113                                                                                                                                                                                                                    000004
