02RETORNO01COBRANÇA       30940000327964316741J REZENDE - ME                756 - BANCOOB S/A 0305180000223                                                                                                                                                                                                                                                                                               000001
1022542123500018830940000316741000000                         00000003978601000000DM 00000000000000000000 01060205180026740518                    100518000000000374023716910010205180000250000000000000000000000000000000000000000000000000000000000000000000000000003740000000000000000000000000000000000000000000000000000010000000000000          0000954360460600000000000000000000000000000000000000000002
1022542123500018830940000316741000000                         00000004026601000000DM 00000000000000000000 01060205180027130518                    100518000000000374010400970010205180000250000000000000000000000000000000000000000000000000000000000000000000000000003740000000000000000000000000000000000000000000000000000010000000000000          0009652261564900000000000000000000000000000000000000000003
9027563094SICOOB CREDIARA          RUA MARIA RITA DE AGUIAR                          CENTRO                        38183236ARAXÁ                         MG030520180000000200000000113                                                                                                                                                                                                                    000004
