02RETORNO01COBRANÇA       30940000327964316741J REZENDE - ME                756 - BANCOOB S/A 0905180000227                                                                                                                                                                                                                                                                                               000001
1022542123500018830940000316741000000                         00000003589001000000DM 00000000000000000000 01060905180023390518                    100518000000000374010400970010905180000250000000000000000000000000000000000000000000000000000000000000000000000000003740000000000000000000000000000000000000000000000000000010000000000000          0003615945069700000000000000000000000000000000000000000002
1022542123500018830940000316741000000                         00000003721301000000DM 00000000000000000000 01060905180029220518                    100518000000000374010400970010905180000250000000000000000000000000000000000000000000000000000000000000000000000000003740000000000000000000000000000000000000000000000000000010000000000000          0005554795862000000000000000000000000000000000000000000003
1022542123500018830940000316741000000                         00000003858701000000DM 00000000000000000000 01060905180030330518                    100518000000000374010400970010905180000250000000000000000000000000000000000000000000000000000000000000000000000000003740000000000000000000000000000000000000000000000000000010000000000000          0008285259668700000000000000000000000000000000000000000004
1022542123500018830940000316741000000                         00000002818301000000DM 00000000000000000000 01060905180003300518                    100518000000000324010400970010905180000250000000000000000000000000000000000000000000000000000000000000000000000000003240000000000000000000000000000000000000000000000000000010000000000000          0000916024261200000000000000000000000000000000000000000005
1022542123500018830940000316741000000                         00000003110101000000DM 00000000000000000000 01060905180005350518                    100518000000000324010400970010905180000250000000000000000000000000000000000000000000000000000000000000000000000000003240000000000000000000000000000000000000000000000000000010000000000000          0000659773163800000000000000000000000000000000000000000006
1022542123500018830940000316741000000                         00000003158401000000DM 00000000000000000000 01060905180006480518                    100518000000000374010400970010905180000250000000000000000000000000000000000000000000000000000000000000000000000000003740000000000000000000000000000000000000000000000000000010000000000000          0001612677762000000000000000000000000000000000000000000007
1022542123500018830940000316741000000                         00000003613201000000DM 00000000000000000000 01060905180028150518                    100518000000000374010400970010905180000250000000000000000000000000000000000000000000000000000000000000000000000000003740000000000000000000000000000000000000000000000000000010000000000000          0001026372666500000000000000000000000000000000000000000008
1022542123500018830940000316741000000                         00000004254601000000DM 00000000000000000000 01060905180029060518                    100518000000000374010400970010905180000250000000000000000000000000000000000000000000000000000000000000000000000000003740000000000000000000000000000000000000000000000000000010000000000000          0007331229087200000000000000000000000000000000000000000009
1022542123500018830940000316741000000                         00000003757801000000DM 00000000000000000000 01060905180029700518                    100518000000000374010400970010905180000250000000000000000000000000000000000000000000000000000000000000000000000000003740000000000000000000000000000000000000000000000000000010000000000000          0000214486281800000000000000000000000000000000000000000010
1022542123500018830940000316741000000                         00000004110001000000DM 00000000000000000000 01060905180015230518                    100518000000000324010400970010905180000250000000000000000000000000000000000000000000000000000000000000000000000000003240000000000000000000000000000000000000000000000000000010000000000000          0003225778362000000000000000000000000000000000000000000011
9027563094SICOOB CREDIARA          RUA MARIA RITA DE AGUIAR                          CENTRO                        38183236ARAXÁ                         MG110520180000001000000000113                                                                                                                                                                                                                    000012
