02RETORNO01COBRANÇA       30940000327964316741J REZENDE - ME                756 - BANCOOB S/A 2205180000230                                                                                                                                                                                                                                                                                               000001
1022542123500018830940000316741000000                         00000003810401000000DM 00000000000000000000 01061505180010140518                    200518000000000374010400970011505180000250000000000000000000000000000000000000000000000000000000000000000000000000003740000000000000000000000000000000000000000000000000000010000000000000          0005764752663400000000000000000000000000000000000000000002
9027563094SICOOB CREDIARA          RUA MARIA RITA DE AGUIAR                          CENTRO                        38183236ARAXÁ                         MG220520180000000100000000113                                                                                                                                                                                                                    000003
