02RETORNO01COBRANÇA       30940000327964316741J REZENDE - ME                756 - BANCOOB S/A 1105180000226                                                                                                                                                                                                                                                                                               000001
1022542123500018830940000316741000000                         00000002074101000000DM 00000000000000000000 01091005180026581117                    101117000000000349075630940011005180000000000000000000000000000000000000000000000000000000000000000000000000000000003490000000000000000000000000000000000000000000000000000010000000000000          0003032597862000000000000000000000000000000000000000000002
1022542123500018830940000316741000000                         00000002122001000000DM 00000000000000000000 01091005180026741117                    101117000000000349075630940011005180000000000000000000000000000000000000000000000000000000000000000000000000000000003490000000000000000000000000000000000000000000000000000010000000000000          0000954360460600000000000000000000000000000000000000000003
1022542123500018830940000316741000000                         00000002314501000000DM 00000000000000000000 01091005180015561117                    101117000000000294075630940011005180000000000000000000000000000000000000000000000000000000000000000000000000000000002940000000000000000000000000000000000000000000000000000010000000000000          0006112200961500000000000000000000000000000000000000000004
1022542123500018830940000316741000000                         00000002342101000000DM 00000000000000000000 01091005180011101117                    101117000000000294075630940011005180000000000000000000000000000000000000000000000000000000000000000000000000000000002940000000000000000000000000000000000000000000000000000010000000000000          0005856618068200000000000000000000000000000000000000000005
1022542123500018830940000316741000000                         00000002354001000000DM 00000000000000000000 01091005180029791117                    101117000000000349075630940011005180000000000000000000000000000000000000000000000000000000000000000000000000000000003490000000000000000000000000000000000000000000000000000010000000000000          0000858497662000000000000000000000000000000000000000000006
1022542123500018830940000316741000000                         00000000509301000000DM 00000000000000000000 01091005180007931117                    101117000000000294075630940011005180000000000000000000000000000000000000000000000000000000000000000000000000000000002940000000000000000000000000000000000000000000000000000010000000000000          0005103575868700000000000000000000000000000000000000000007
1022542123500018830940000316741000000                         00000000521201000000DM 00000000000000000000 01091005180008391117                    101117000000000294075630940011005180000000000000000000000000000000000000000000000000000000000000000000000000000000002940000000000000000000000000000000000000000000000000000010000000000000          0004904386264900000000000000000000000000000000000000000008
1022542123500018830940000316741000000                         00000000943101000000DM 00000000000000000000 01091005180013511117                    101117000000000294075630940011005180000000000000000000000000000000000000000000000000000000000000000000000000000000002940000000000000000000000000000000000000000000000000000010000000000000          0009006468266800000000000000000000000000000000000000000009
1022542123500018830940000316741000000                         00000000955001000000DM 00000000000000000000 01091005180013891117                    101117000000000294075630940011005180000000000000000000000000000000000000000000000000000000000000000000000000000000002940000000000000000000000000000000000000000000000000000010000000000000          0000690262868800000000000000000000000000000000000000000010
1022542123500018830940000316741000000                         00000001027601000000DM 00000000000000000000 01091005180024791117                    101117000000000349075630940011005180000000000000000000000000000000000000000000000000000000000000000000000000000000003490000000000000000000000000000000000000000000000000000010000000000000          0000302933999800000000000000000000000000000000000000000011
1022542123500018830940000316741000000                         00000001615901000000DM 00000000000000000000 01091005180029021117                    101117000000000349075630940011005180000000000000000000000000000000000000000000000000000000000000000000000000000000003490000000000000000000000000000000000000000000000000000010000000000000          0001042612960100000000000000000000000000000000000000000012
1022542123500018830940000316741000000                         00000001663201000000DM 00000000000000000000 01091005180029301117                    101117000000000349075630940011005180000000000000000000000000000000000000000000000000000000000000000000000000000000003490000000000000000000000000000000000000000000000000000010000000000000          0000809615061800000000000000000000000000000000000000000013
1022542123500018830940000316741000000                         00000001687901000000DM 00000000000000000000 01091005180029681117                    101117000000000349075630940011005180000000000000000000000000000000000000000000000000000000000000000000000000000000003490000000000000000000000000000000000000000000000000000010000000000000          0000270724966100000000000000000000000000000000000000000014
1022542123500018830940000316741000000                         00000002414701000000DM 00000000000000000000 01091005180015601117                    101117000000000294075630940011005180000000000000000000000000000000000000000000000000000000000000000000000000000000002940000000000000000000000000000000000000000000000000000010000000000000          0000477735789900000000000000000000000000000000000000000015
1022542123500018830940000316741000000                         00000002537801000000DM 00000000000000000000 01091005180030451117                    101117000000000349075630940011005180000000000000000000000000000000000000000000000000000000000000000000000000000000003490000000000000000000000000000000000000000000000000000010000000000000          0000956345263100000000000000000000000000000000000000000016
1022542123500018830940000316741000000                         00000000473301000000DM 00000000000000000000 01091005180007401117                    101117000000000294075630940011005180000000000000000000000000000000000000000000000000000000000000000000000000000000002940000000000000000000000000000000000000000000000000000010000000000000          0005051206417200000000000000000000000000000000000000000017
1022542123500018830940000316741000000                         00000002559001000000DM 00000000000000000000 01091005180004911117                    101117000000000294075630940011005180000000000000000000000000000000000000000000000000000000000000000000000000000000002940000000000000000000000000000000000000000000000000000010000000000000          0002624052160400000000000000000000000000000000000000000018
1022542123500018830940000316741000000                         00000003781501000000DM 00000000000000000000 01091005180030641117                    101117000000000349075630940011005180000000000000000000000000000000000000000000000000000000000000000000000000000000003490000000000000000000000000000000000000000000000000000010000000000000          0000507097947700000000000000000000000000000000000000000019
1022542123500018830940000316741000000                         00000003002001000000DM 00000000000000000000 01061005180007200518                    100518000000000324063400190011005180000250000000000000000000000000000000000000000000000000000000000000000000000000003240000000000000000000000000000000000000000000000000000010000000000000          0003609756063000000000000000000000000000000000000000000020
1022542123500018830940000316741000000                         00000002170401000000DM 00000000000000000000 01091005180027001117                    101117000000000349075630940011005180000000000000000000000000000000000000000000000000000000000000000000000000000000003490000000000000000000000000000000000000000000000000000010000000000000          0000487456467400000000000000000000000000000000000000000021
1022542123500018830940000316741000000                         00000000232801000000DM 00000000000000000000 01091005180003211117                    101117000000000294075630940011005180000000000000000000000000000000000000000000000000000000000000000000000000000000002940000000000000000000000000000000000000000000000000000010000000000000          0001995483265300000000000000000000000000000000000000000022
1022542123500018830940000316741000000                         00000000413101000000DM 00000000000000000000 01091005180006791117                    101117000000000349075630940011005180000000000000000000000000000000000000000000000000000000000000000000000000000000003490000000000000000000000000000000000000000000000000000010000000000000          0003619380163400000000000000000000000000000000000000000023
1022542123500018830940000316741000000                         00000000425001000000DM 00000000000000000000 01091005180007011117                    101117000000000294075630940011005180000000000000000000000000000000000000000000000000000000000000000000000000000000002940000000000000000000000000000000000000000000000000000010000000000000          0006529267760400000000000000000000000000000000000000000024
1022542123500018830940000316741000000                         00000000691001000000DM 00000000000000000000 01091005180009501117                    101117000000000294075630940011005180000000000000000000000000000000000000000000000000000000000000000000000000000000002940000000000000000000000000000000000000000000000000000010000000000000          0002436214069700000000000000000000000000000000000000000025
1022542123500018830940000316741000000                         00000000727001000000DM 00000000000000000000 01091005180010141117                    101117000000000349075630940011005180000000000000000000000000000000000000000000000000000000000000000000000000000000003490000000000000000000000000000000000000000000000000000010000000000000          0005764752663400000000000000000000000000000000000000000026
1022542123500018830940000316741000000                         00000000787101000000DM 00000000000000000000 01091005180010741117                    101117000000000349075630940011005180000000000000000000000000000000000000000000000000000000000000000000000000000000003490000000000000000000000000000000000000000000000000000010000000000000          0008537504769100000000000000000000000000000000000000000027
1022542123500018830940000316741000000                         00000000835001000000DM 00000000000000000000 01091005180011231117                    101117000000000294075630940011005180000000000000000000000000000000000000000000000000000000000000000000000000000000002940000000000000000000000000000000000000000000000000000010000000000000          0000702724661900000000000000000000000000000000000000000028
1022542123500018830940000316741000000                         00000001435201000000DM 00000000000000000000 01091005180023871117                    101117000000000349075630940011005180000000000000000000000000000000000000000000000000000000000000000000000000000000003490000000000000000000000000000000000000000000000000000010000000000000          0009654065665300000000000000000000000000000000000000000029
1022542123500018830940000316741000000                         00000001459901000000DM 00000000000000000000 01091005180027701117                    101117000000000349075630940011005180000000000000000000000000000000000000000000000000000000000000000000000000000000003490000000000000000000000000000000000000000000000000000010000000000000          0000890660760100000000000000000000000000000000000000000030
1022542123500018830940000316741000000                         00000001471801000000DM 00000000000000000000 01091005180027731117                    101117000000000349075630940011005180000000000000000000000000000000000000000000000000000000000000000000000000000000003490000000000000000000000000000000000000000000000000000010000000000000          0006612363169100000000000000000000000000000000000000000031
1022542123500018830940000316741000000                         00000002038601000000DM 00000000000000000000 01091005180025961117                    101117000000000349075630940011005180000000000000000000000000000000000000000000000000000000000000000000000000000000003490000000000000000000000000000000000000000000000000000010000000000000          0009277829168700000000000000000000000000000000000000000032
1022542123500018830940000316741000000                         00000001579801000000DM 00000000000000000000 01091005180028941117                    101117000000000349075630940011005180000000000000000000000000000000000000000000000000000000000000000000000000000000003490000000000000000000000000000000000000000000000000000010000000000000          0007004592561500000000000000000000000000000000000000000033
1022542123500018830940000316741000000                         00000001954101000000DM 00000000000000000000 01091005180025531117                    101117000000000349075630940011005180000000000000000000000000000000000000000000000000000000000000000000000000000000003490000000000000000000000000000000000000000000000000000010000000000000          0000588234869200000000000000000000000000000000000000000034
1022542123500018830940000316741000000                         00000002439001000000DM 00000000000000000000 01091005180026591117                    101117000000000349075630940011005180000000000000000000000000000000000000000000000000000000000000000000000000000000003490000000000000000000000000000000000000000000000000000010000000000000          0001014914566700000000000000000000000000000000000000000035
1022542123500018830940000316741000000                         00000002158501000000DM 00000000000000000000 01091005180026891117                    101117000000000349075630940011005180000000000000000000000000000000000000000000000000000000000000000000000000000000003490000000000000000000000000000000000000000000000000000010000000000000          0000027534863600000000000000000000000000000000000000000036
1022542123500018830940000316741000000                         00000002378601000000DM 00000000000000000000 01091005180025311117                    101117000000000349075630940011005180000000000000000000000000000000000000000000000000000000000000000000000000000000003490000000000000000000000000000000000000000000000000000010000000000000          0000797618260900000000000000000000000000000000000000000037
1022542123500018830940000316741000000                         00000002390501000000DM 00000000000000000000 01091005180002361117                    101117000000000349075630940011005180000000000000000000000000000000000000000000000000000000000000000000000000000000003490000000000000000000000000000000000000000000000000000010000000000000          0000569370264200000000000000000000000000000000000000000038
1022542123500018830940000316741000000                         00000001302801000000DM 00000000000000000000 01091005180030201017                    101117000000000319075630940011005180000000000000000000000000000000000000000000000000000000000000000000000000000000003190000000000000000000000000000000000000000000000000000010000000000000          0000859660265800000000000000000000000000000000000000000039
1022542123500018830940000316741000000                         00000000365201000000DM 00000000000000000000 01091005180030411117                    101117000000000349075630940011005180000000000000000000000000000000000000000000000000000000000000000000000000000000003490000000000000000000000000000000000000000000000000000010000000000000          0006919796260000000000000000000000000000000000000000000040
1022542123500018830940000316741000000                         00000002664901000000DM 00000000000000000000 01091005180030571117                    101117000000000349075630940011005180000000000000000000000000000000000000000000000000000000000000000000000000000000003490000000000000000000000000000000000000000000000000000010000000000000          0007555846764900000000000000000000000000000000000000000041
1022542123500018830940000316741000000                         00000002758601000000DM 00000000000000000000 01061005180000410518                    100518000000000324010400970011005180000250000000000000000000000000000000000000000000000000000000000000000000000000003240000000000000000000000000000000000000000000000000000010000000000000          0000565324365500000000000000000000000000000000000000000042
1022542123500018830940000316741000000                         00000002770501000000DM 00000000000000000000 01061005180001140518                    100518000000000324010400970011005180000250000000000000000000000000000000000000000000000000000000000000000000000000003240000000000000000000000000000000000000000000000000000010000000000000          0004897155363400000000000000000000000000000000000000000043
1022542123500018830940000316741000000                         00000002806501000000DM 00000000000000000000 01061005180002560518                    100518000000000324023716910011005180000250000000000000000000000000000000000000000000000000000000000000000000000000003240000000000000000000000000000000000000000000000000000010000000000000          0000474784860600000000000000000000000000000000000000000044
1022542123500018830940000316741000000                         00000004594601000000DM 00000000000000000000 01061005181000100418                    100518000000000349034199260011005180000250000000000000000000000000000000000000000000000000000000000000000000000000003490000000000000000000000000000000000000000000000000000010000000000000          7097303700034300000000000000000000000000000000000000000045
1022542123500018830940000316741000000                         00000000292001000000DM 00000000000000000000 01091005180004141117                    101117000000000349075630940011005180000000000000000000000000000000000000000000000000000000000000000000000000000000003490000000000000000000000000000000000000000000000000000010000000000000          0000303613564200000000000000000000000000000000000000000046
1022542123500018830940000316741000000                         00000000316101000000DM 00000000000000000000 01091005180004231117                    101117000000000294075630940011005180000000000000000000000000000000000000000000000000000000000000000000000000000000002940000000000000000000000000000000000000000000000000000010000000000000          0005724833867200000000000000000000000000000000000000000047
1022542123500018830940000316741000000                         00000000497001000000DM 00000000000000000000 01091005180007691117                    101117000000000294075630940011005180000000000000000000000000000000000000000000000000000000000000000000000000000000002940000000000000000000000000000000000000000000000000000010000000000000          0000557136962000000000000000000000000000000000000000000048
1022542123500018830940000316741000000                         00000002326301000000DM 00000000000000000000 01091005180004271117                    101117000000000294075630940011005180000000000000000000000000000000000000000000000000000000000000000000000000000000002940000000000000000000000000000000000000000000000000000010000000000000          0000329979965700000000000000000000000000000000000000000049
1022542123500018830940000316741000000                         00000000220001000000DM 00000000000000000000 01091005180003181117                    101117000000000294075630940011005180000000000000000000000000000000000000000000000000000000000000000000000000000000002940000000000000000000000000000000000000000000000000000010000000000000          0000949559261500000000000000000000000000000000000000000050
1022542123500018830940000316741000000                         00000001195901000000DM 00000000000000000000 01091005180017671117                    101117000000000294075630940011005180000000000000000000000000000000000000000000000000000000000000000000000000000000002940000000000000000000000000000000000000000000000000000010000000000000          0000314784764000000000000000000000000000000000000000000051
1022542123500018830940000316741000000                         00000001627701000000DM 00000000000000000000 01091005180029161117                    101117000000000349075630940011005180000000000000000000000000000000000000000000000000000000000000000000000000000000003490000000000000000000000000000000000000000000000000000010000000000000          0001248442318700000000000000000000000000000000000000000052
1022542123500018830940000316741000000                         00000001810601000000DM 00000000000000000000 01091005180030291117                    101117000000000349075630940011005180000000000000000000000000000000000000000000000000000000000000000000000000000000003490000000000000000000000000000000000000000000000000000010000000000000          0001252081260500000000000000000000000000000000000000000053
1022542123500018830940000316741000000                         00000002206401000000DM 00000000000000000000 01091005180027361117                    101117000000000349075630940011005180000000000000000000000000000000000000000000000000000000000000000000000000000000003490000000000000000000000000000000000000000000000000000010000000000000          0006724457262000000000000000000000000000000000000000000054
1022542123500018830940000316741000000                         00000001051301000000DM 00000000000000000000 01091005180025831117                    101117000000000349075630940011005180000000000000000000000000000000000000000000000000000000000000000000000000000000003490000000000000000000000000000000000000000000000000000010000000000000          0001065186460700000000000000000000000000000000000000000055
1022542123500018830940000316741000000                         00000002687801000000DM 00000000000000000000 01091005180030601117                    101117000000000349075630940011005180000000000000000000000000000000000000000000000000000000000000000000000000000000003490000000000000000000000000000000000000000000000000000010000000000000          0000310761760100000000000000000000000000000000000000000056
1022542123500018830940000316741000000                         00000002706301000000DM 00000000000000000000 01091005180030611117                    101117000000000349075630940011005180000000000000000000000000000000000000000000000000000000000000000000000000000000003490000000000000000000000000000000000000000000000000000010000000000000          0001017077665400000000000000000000000000000000000000000057
1022542123500018830940000316741000000                         00000001231001000000DM 00000000000000000000 01091005180022631117                    101117000000000294075630940011005180000000000000000000000000000000000000000000000000000000000000000000000000000000002940000000000000000000000000000000000000000000000000000010000000000000          0002485828563400000000000000000000000000000000000000000058
1022542123500018830940000316741000000                         00000000124701000000DM 00000000000000000000 01091005180000481117                    101117000000000294075630940011005180000000000000000000000000000000000000000000000000000000000000000000000000000000002940000000000000000000000000000000000000000000000000000010000000000000          0005239992363400000000000000000000000000000000000000000059
1022542123500018830940000316741000000                         00000000571001000000DM 00000000000000000000 01091005180008471117                    101117000000000349075630940011005180000000000000000000000000000000000000000000000000000000000000000000000000000000003490000000000000000000000000000000000000000000000000000010000000000000          0000150671660100000000000000000000000000000000000000000060
1022542123500018830940000316741000000                         00000000607001000000DM 00000000000000000000 01091005180009011117                    101117000000000294075630940011005180000000000000000000000000000000000000000000000000000000000000000000000000000000002940000000000000000000000000000000000000000000000000000010000000000000          0009470166060400000000000000000000000000000000000000000061
1022542123500018830940000316741000000                         00000000643601000000DM 00000000000000000000 01091005180005451117                    101117000000000294075630940011005180000000000000000000000000000000000000000000000000000000000000000000000000000000002940000000000000000000000000000000000000000000000000000010000000000000          0003013578866800000000000000000000000000000000000000000062
1022542123500018830940000316741000000                         00000001363701000000DM 00000000000000000000 01091005180022821117                    101117000000000294075630940011005180000000000000000000000000000000000000000000000000000000000000000000000000000000002940000000000000000000000000000000000000000000000000000010000000000000          0007188059365300000000000000000000000000000000000000000063
1022542123500018830940000316741000000                         00000001930501000000DM 00000000000000000000 01091005180025201117                    101117000000000349075630940011005180000000000000000000000000000000000000000000000000000000000000000000000000000000003490000000000000000000000000000000000000000000000000000010000000000000          0003021597866800000000000000000000000000000000000000000064
1022542123500018830940000316741000000                         00000002464501000000DM 00000000000000000000 01091005180028171117                    101117000000000349075630940011005180000000000000000000000000000000000000000000000000000000000000000000000000000000003490000000000000000000000000000000000000000000000000000010000000000000          0006612029269100000000000000000000000000000000000000000065
1022542123500018830940000316741000000                         00000002512401000000DM 00000000000000000000 01091005180030431117                    101117000000000349075630940011005180000000000000000000000000000000000000000000000000000000000000000000000000000000003490000000000000000000000000000000000000000000000000000010000000000000          0000394635469600000000000000000000000000000000000000000066
1022542123500018830940000316741000000                         00000002581201000000DM 00000000000000000000 01091005180030461117                    101117000000000349075630940011005180000000000000000000000000000000000000000000000000000000000000000000000000000000003490000000000000000000000000000000000000000000000000000010000000000000          0000149822561600000000000000000000000000000000000000000067
1022542123500018830940000316741000000                         00000003930301000000DM 00000000000000000000 01061005180026050518                    100518000000000374010400970011005180000250000000000000000000000000000000000000000000000000000000000000000000000000003740000000000000000000000000000000000000000000000000000010000000000000          0000258153466400000000000000000000000000000000000000000068
1022542123500018830940000316741000000                         00000002753001000000DM 00000000000000000000 01091005181000181017                    101117000000003762075630940011005180000000000000000000000000000000000000000000000000000000000000000000000000000000037620000000000000000000000000000000000000000000000000000010000000000000          1823706600016500000000000000000000000000000000000000000069
1022542123500018830940000316741000000                         00000001003001000000DM 00000000000000000000 01091005180024541117                    101117000000000349075630940011005180000000000000000000000000000000000000000000000000000000000000000000000000000000003490000000000000000000000000000000000000000000000000000010000000000000          0000847276465600000000000000000000000000000000000000000070
1022542123500018830940000316741000000                         00000001822401000000DM 00000000000000000000 01091005180030311117                    101117000000000349075630940011005180000000000000000000000000000000000000000000000000000000000000000000000000000000003490000000000000000000000000000000000000000000000000000010000000000000          0000848099966700000000000000000000000000000000000000000071
1022542123500018830940000316741000000                         00000001651401000000DM 00000000000000000000 01091005180029261117                    101117000000000349075630940011005180000000000000000000000000000000000000000000000000000000000000000000000000000000003490000000000000000000000000000000000000000000000000000010000000000000          0001299792766800000000000000000000000000000000000000000072
1022542123500018830940000316741000000                         00000001759401000000DM 00000000000000000000 01091005180029811117                    101117000000000349075630940011005180000000000000000000000000000000000000000000000000000000000000000000000000000000003490000000000000000000000000000000000000000000000000000010000000000000          0000866105069300000000000000000000000000000000000000000073
1022542123500018830940000316741000000                         00000001771301000000DM 00000000000000000000 01091005180030111117                    101117000000000349075630940011005180000000000000000000000000000000000000000000000000000000000000000000000000000000003490000000000000000000000000000000000000000000000000000010000000000000          0001104048469700000000000000000000000000000000000000000074
1022542123500018830940000316741000000                         00000001075001000000DM 00000000000000000000 01091005180015681117                    101117000000000294075630940011005180000000000000000000000000000000000000000000000000000000000000000000000000000000002940000000000000000000000000000000000000000000000000000010000000000000          0009028457763400000000000000000000000000000000000000000075
1022542123500018830940000316741000000                         00000002476301000000DM 00000000000000000000 01091005180026731117                    101117000000000349075630940011005180000000000000000000000000000000000000000000000000000000000000000000000000000000003490000000000000000000000000000000000000000000000000000010000000000000          0000945536569300000000000000000000000000000000000000000076
1022542123500018830940000316741000000                         00000002570101000000DM 00000000000000000000 01091005180029491117                    101117000000000349075630940011005180000000000000000000000000000000000000000000000000000000000000000000000000000000003490000000000000000000000000000000000000000000000000000010000000000000          0007246053964900000000000000000000000000000000000000000077
1022542123500018830940000316741000000                         00000002720701000000DM 00000000000000000000 01091005180030621117                    101117000000000349075630940011005180000000000000000000000000000000000000000000000000000000000000000000000000000000003490000000000000000000000000000000000000000000000000000010000000000000          0001347627260500000000000000000000000000000000000000000078
1022542123500018830940000316741000000                         00000003673401000000DM 00000000000000000000 01061005180028890518                    100518000000000374010400970011005180000250000000000000000000000000000000000000000000000000000000000000000000000000003740000000000000000000000000000000000000000000000000000010000000000000          0000564891363000000000000000000000000000000000000000000079
1022542123500018830940000316741000000                         00000004050301000000DM 00000000000000000000 01061005180014430518                    100518000000000324010400970011005180000250000000000000000000000000000000000000000000000000000000000000000000000000003240000000000000000000000000000000000000000000000000000010000000000000          0000696140365400000000000000000000000000000000000000000080
1022542123500018830940000316741000000                         00000003182101000000DM 00000000000000000000 01061005180009450518                    100518000000000324010400970011005180000250000000000000000000000000000000000000000000000000000000000000000000000000003240000000000000000000000000000000000000000000000000000010000000000000          0009277825960000000000000000000000000000000000000000000081
1022542123500018830940000316741000000                         00000004595301000000DM 00000000000000000000 01061005181000120418                    100518000000000698034199260011005180000250000000000000000000000000000000000000000000000000000000000000000000000000006980000000000000000000000000000000000000000000000000000010000000000000          7097216100012200000000000000000000000000000000000000000082
1022542123500018830940000316741000000                         00000002302701000000DM 00000000000000000000 01091005180015251117                    101117000000000294075630940011005180000000000000000000000000000000000000000000000000000000000000000000000000000000002940000000000000000000000000000000000000000000000000000010000000000000          0000129208361100000000000000000000000000000000000000000083
1022542123500018830940000316741000000                         00000000883401000000DM 00000000000000000000 01091005180012101117                    101117000000000294075630940011005180000000000000000000000000000000000000000000000000000000000000000000000000000000002940000000000000000000000000000000000000000000000000000010000000000000          0007188717265300000000000000000000000000000000000000000084
1022542123500018830940000316741000000                         00000001015801000000DM 00000000000000000000 01091005180024731117                    101117000000000349075630940011005180000000000000000000000000000000000000000000000000000000000000000000000000000000003490000000000000000000000000000000000000000000000000000010000000000000          0001603579869100000000000000000000000000000000000000000085
1022542123500018830940000316741000000                         00000000244601000000DM 00000000000000000000 01091005180003301117                    101117000000000294075630940011005180000000000000000000000000000000000000000000000000000000000000000000000000000000002940000000000000000000000000000000000000000000000000000010000000000000          0000916024261200000000000000000000000000000000000000000086
1022542123500018830940000316741000000                         00000000208001000000DM 00000000000000000000 01091005180002561117                    101117000000000294075630940011005180000000000000000000000000000000000000000000000000000000000000000000000000000000002940000000000000000000000000000000000000000000000000000010000000000000          0000474784860600000000000000000000000000000000000000000087
1022542123500018830940000316741000000                         00000000172001000000DM 00000000000000000000 01091005180001141117                    101117000000000294075630940011005180000000000000000000000000000000000000000000000000000000000000000000000000000000002940000000000000000000000000000000000000000000000000000010000000000000          0004897155363400000000000000000000000000000000000000000088
1022542123500018830940000316741000000                         00000000461501000000DM 00000000000000000000 01091005180007351117                    101117000000000294075630940011005180000000000000000000000000000000000000000000000000000000000000000000000000000000002940000000000000000000000000000000000000000000000000000010000000000000          0001043534261400000000000000000000000000000000000000000089
1022542123500018830940000316741000000                         00000002402901000000DM 00000000000000000000 01091005180009991117                    101117000000000294075630940011005180000000000000000000000000000000000000000000000000000000000000000000000000000000002940000000000000000000000000000000000000000000000000000010000000000000          0007875360064900000000000000000000000000000000000000000090
1022542123500018830940000316741000000                         00000000811401000000DM 00000000000000000000 01091005180011031117                    101117000000000294075630940011005180000000000000000000000000000000000000000000000000000000000000000000000000000000002940000000000000000000000000000000000000000000000000000010000000000000          0008715135969100000000000000000000000000000000000000000091
1022542123500018830940000316741000000                         00000001519601000000DM 00000000000000000000 01091005180028311117                    101117000000000349075630940011005180000000000000000000000000000000000000000000000000000000000000000000000000000000003490000000000000000000000000000000000000000000000000000010000000000000          0000512998361000000000000000000000000000000000000000000092
1022542123500018830940000316741000000                         00000001531501000000DM 00000000000000000000 01091005180028531117                    101117000000000349075630940011005180000000000000000000000000000000000000000000000000000000000000000000000000000000003490000000000000000000000000000000000000000000000000000010000000000000          0007188229465300000000000000000000000000000000000000000093
1022542123500018830940000316741000000                         00000001339001000000DM 00000000000000000000 01091005180022691117                    101117000000000349075630940011005180000000000000000000000000000000000000000000000000000000000000000000000000000000003490000000000000000000000000000000000000000000000000000010000000000000          0006307307269100000000000000000000000000000000000000000094
1022542123500018830940000316741000000                         00000001399101000000DM 00000000000000000000 01091005180023331117                    101117000000000349075630940011005180000000000000000000000000000000000000000000000000000000000000000000000000000000003490000000000000000000000000000000000000000000000000000010000000000000          0005961869865300000000000000000000000000000000000000000095
1022542123500018830940000316741000000                         00000001314601000000DM 00000000000000000000 01091005180030211017                    101117000000000319075630940011005180000000000000000000000000000000000000000000000000000000000000000000000000000000003190000000000000000000000000000000000000000000000000000010000000000000          0000821220462600000000000000000000000000000000000000000096
1022542123500018830940000316741000000                         00000003338001000000DM 00000000000000000000 01061005180023970518                    100518000000000374010400970011005180000250000000000000000000000000000000000000000000000000000000000000000000000000003740000000000000000000000000000000000000000000000000000010000000000000          0007188737762000000000000000000000000000000000000000000097
1022542123500018830940000316741000000                         00000002854901000000DM 00000000000000000000 01061005180004140518                    100518000000000374010400970011005180000250000000000000000000000000000000000000000000000000000000000000000000000000003740000000000000000000000000000000000000000000000000000010000000000000          0000303613564200000000000000000000000000000000000000000098
1022542123500018830940000316741000000                         00000002924001000000DM 00000000000000000000 01091005180001271117                    101117000000000324075630940011005180000000000000000000000000000000000000000000000000000000000000000000000000000000003240000000000000000000000000000000000000000000000000000010000000000000          0000557190363500000000000000000000000000000000000000000099
1022542123500018830940000316741000000                         00000004592101000000DM 00000000000000000000 01061005181000210418                    100518000000000526575640790011005180000250000000000000000000000000000000000000000000000000000000000000000000000000005265000000000000000000000000000000000000000000000000000010000000000000          6522717500018100000000000000000000000000000000000000000100
1022542123500018830940000316741000000                         00000000351001000000DM 00000000000000000000 01091005180004601117                    101117000000000294075630940011005180000000000000000000000000000000000000000000000000000000000000000000000000000000002940000000000000000000000000000000000000000000000000000010000000000000          0004085395076800000000000000000000000000000000000000000101
1022542123500018830940000316741000000                         00000000547301000000DM 00000000000000000000 01091005180001541117                    101117000000000294075630940011005180000000000000000000000000000000000000000000000000000000000000000000000000000000002940000000000000000000000000000000000000000000000000000010000000000000          0008246321269100000000000000000000000000000000000000000102
1022542123500018830940000316741000000                         00000000583901000000DM 00000000000000000000 01091005180008691117                    101117000000000294075630940011005180000000000000000000000000000000000000000000000000000000000000000000000000000000002940000000000000000000000000000000000000000000000000000010000000000000          0000027442861000000000000000000000000000000000000000000103
1022542123500018830940000316741000000                         00000000619901000000DM 00000000000000000000 01091005180005351117                    101117000000000294075630940011005180000000000000000000000000000000000000000000000000000000000000000000000000000000002940000000000000000000000000000000000000000000000000000010000000000000          0000659773163800000000000000000000000000000000000000000104
1022542123500018830940000316741000000                         00000000739801000000DM 00000000000000000000 01091005180010201117                    101117000000000349075630940011005180000000000000000000000000000000000000000000000000000000000000000000000000000000003490000000000000000000000000000000000000000000000000000010000000000000          0003616071763400000000000000000000000000000000000000000105
1022542123500018830940000316741000000                         00000000751701000000DM 00000000000000000000 01091005180010211117                    101117000000000294075630940011005180000000000000000000000000000000000000000000000000000000000000000000000000000000002940000000000000000000000000000000000000000000000000000010000000000000          0007187518269100000000000000000000000000000000000000000106
1022542123500018830940000316741000000                         00000001795001000000DM 00000000000000000000 01091005180030181117                    101117000000000349075630940011005180000000000000000000000000000000000000000000000000000000000000000000000000000000003490000000000000000000000000000000000000000000000000000010000000000000          0000706059360800000000000000000000000000000000000000000107
1022542123500018830940000316741000000                         00000001351901000000DM 00000000000000000000 01091005180022731117                    101117000000000349075630940011005180000000000000000000000000000000000000000000000000000000000000000000000000000000003490000000000000000000000000000000000000000000000000000010000000000000          0008144163060000000000000000000000000000000000000000000108
1022542123500018830940000316741000000                         00000001834201000000DM 00000000000000000000 01091005180030401117                    101117000000000349075630940011005180000000000000000000000000000000000000000000000000000000000000000000000000000000003490000000000000000000000000000000000000000000000000000010000000000000          0009240028064900000000000000000000000000000000000000000109
1022542123500018830940000316741000000                         00000001870801000000DM 00000000000000000000 01091005180030351117                    101117000000000349075630940011005180000000000000000000000000000000000000000000000000000000000000000000000000000000003490000000000000000000000000000000000000000000000000000010000000000000          0001014402069600000000000000000000000000000000000000000110
1022542123500018830940000316741000000                         00000001906801000000DM 00000000000000000000 01091005180030381117                    101117000000000349075630940011005180000000000000000000000000000000000000000000000000000000000000000000000000000000003490000000000000000000000000000000000000000000000000000010000000000000          0000390944564000000000000000000000000000000000000000000111
1022542123500018830940000316741000000                         00000001978801000000DM 00000000000000000000 01091005180025771117                    101117000000000349075630940011005180000000000000000000000000000000000000000000000000000000000000000000000000000000003490000000000000000000000000000000000000000000000000000010000000000000          0003225644269100000000000000000000000000000000000000000112
1022542123500018830940000316741000000                         00000002452701000000DM 00000000000000000000 01091005180006721117                    101117000000000294075630940011005180000000000000000000000000000000000000000000000000000000000000000000000000000000002940000000000000000000000000000000000000000000000000000010000000000000          0001612675069100000000000000000000000000000000000000000113
1022542123500018830940000316741000000                         00000002488101000000DM 00000000000000000000 01091005180029721117                    101117000000000319075630940011005180000000000000000000000000000000000000000000000000000000000000000000000000000000003190000000000000000000000000000000000000000000000000000010000000000000          0001294552163600000000000000000000000000000000000000000114
1022542123500018830940000316741000000                         00000003954001000000DM 00000000000000000000 01061005180026650518                    100518000000000374034109440011005180000250000000000000000000000000000000000000000000000000000000000000000000000000003740000000000000000000000000000000000000000000000000000010000000000000          0000694769266000000000000000000000000000000000000000000115
1022542123500018830940000316741000000                         00000004596001000000DM 00000000000000000000 01061005181000150418                    100518000000000349034199260011005180000250000000000000000000000000000000000000000000000000000000000000000000000000003490000000000000000000000000000000000000000000000000000010000000000000          7097303700093900000000000000000000000000000000000000000116
1022542123500018830940000316741000000                         00000001219001000000DM 00000000000000000000 01091005180017951117                    101117000000000294075630940011005180000000000000000000000000000000000000000000000000000000000000000000000000000000002940000000000000000000000000000000000000000000000000000010000000000000          0000027258068600000000000000000000000000000000000000000117
1022542123500018830940000316741000000                         00000001423401000000DM 00000000000000000000 01091005180023621117                    101117000000000294075630940011005180000000000000000000000000000000000000000000000000000000000000000000000000000000002940000000000000000000000000000000000000000000000000000010000000000000          0009217048054400000000000000000000000000000000000000000118
1022542123500018830940000316741000000                         00000000136501000000DM 00000000000000000000 01091005180000601117                    101117000000000349075630940011005180000000000000000000000000000000000000000000000000000000000000000000000000000000003490000000000000000000000000000000000000000000000000000010000000000000          0005496202167200000000000000000000000000000000000000000119
1022542123500018830940000316741000000                         00000000401301000000DM 00000000000000000000 01091005180006511117                    101117000000000294075630940011005180000000000000000000000000000000000000000000000000000000000000000000000000000000002940000000000000000000000000000000000000000000000000000010000000000000          0006345744697000000000000000000000000000000000000000000120
1022542123500018830940000316741000000                         00000001183001000000DM 00000000000000000000 01091005180017411117                    101117000000000294075630940011005180000000000000000000000000000000000000000000000000000000000000000000000000000000002940000000000000000000000000000000000000000000000000000010000000000000          0000580980162500000000000000000000000000000000000000000121
1022542123500018830940000316741000000                         00000001375501000000DM 00000000000000000000 01091005180023041117                    101117000000000349075630940011005180000000000000000000000000000000000000000000000000000000000000000000000000000000003490000000000000000000000000000000000000000000000000000010000000000000          0004225353567200000000000000000000000000000000000000000122
1022542123500018830940000316741000000                         00000001894401000000DM 00000000000000000000 01091005180030361117                    101117000000000349075630940011005180000000000000000000000000000000000000000000000000000000000000000000000000000000003490000000000000000000000000000000000000000000000000000010000000000000          0003618392060600000000000000000000000000000000000000000123
1022542123500018830940000316741000000                         00000001942301000000DM 00000000000000000000 01091005180025421117                    101117000000000349075630940011005180000000000000000000000000000000000000000000000000000000000000000000000000000000003490000000000000000000000000000000000000000000000000000010000000000000          0002891803760000000000000000000000000000000000000000000124
1022542123500018830940000316741000000                         00000002002101000000DM 00000000000000000000 01091005180025921117                    101117000000000349075630940011005180000000000000000000000000000000000000000000000000000000000000000000000000000000003490000000000000000000000000000000000000000000000000000010000000000000          0009838358266800000000000000000000000000000000000000000125
1022542123500018830940000316741000000                         00000002524201000000DM 00000000000000000000 01091005180030441117                    101117000000000349075630940011005180000000000000000000000000000000000000000000000000000000000000000000000000000000003490000000000000000000000000000000000000000000000000000010000000000000          0000119164868000000000000000000000000000000000000000000126
1022542123500018830940000316741000000                         00000002740401000000DM 00000000000000000000 01091005180000081117                    101117000000000294075630940011005180000000000000000000000000000000000000000000000000000000000000000000000000000000002940000000000000000000000000000000000000000000000000000010000000000000          0000551747781000000000000000000000000000000000000000000127
1022542123500018830940000316741000000                         00000003039201000000DM 00000000000000000000 01061005180004160618                    100618000000000324034109440011005180000250000000000000000000000000000000000000000000000000000000000000000000000000003240000000000000000000000000000000000000000000000000000010000000000000          0009147587261500000000000000000000000000000000000000000128
1022542123500018830940000316741000000                         00000003098701000000DM 00000000000000000000 01061005180009010518                    100518000000000324010400970011005180000250000000000000000000000000000000000000000000000000000000000000000000000000003240000000000000000000000000000000000000000000000000000010000000000000          0009470166060400000000000000000000000000000000000000000129
1022542123500018830940000316741000000                         00000003123701000000DM 00000000000000000000 01061005180005190618                    100618000000000324010400970011005180000250000000000000000000000000000000000000000000000000000000000000000000000000003240000000000000000000000000000000000000000000000000000010000000000000          0007188477760000000000000000000000000000000000000000000130
1022542123500018830940000316741000000                         00000004593901000000DM 00000000000000000000 01061005181000070418                    100518000000003027034199260011005180000250000000000000000000000000000000000000000000000000000000000000000000000000030270000000000000000000000000000000000000000000000000000010000000000000          7097303700069600000000000000000000000000000000000000000131
9027563094SICOOB CREDIARA          RUA MARIA RITA DE AGUIAR                          CENTRO                        38183236ARAXÁ                         MG110520180000013000000000113                                                                                                                                                                                                                    000132
