02RETORNO01COBRANÇA       30940000327964316741J REZENDE - ME                756 - BANCOOB S/A 0205180000222                                                                                                                                                                                                                                                                                               000001
1022542123500018830940000316741000000                         00000003649701000000DM 00000000000000000000 01063004180028810518                    100518000000000374063400190013004180000250000000000000000000000000000000000000000000000000000000000000000000000000003740000000000000000000000000000000000000000000000000000010000000000000          0002729612165300000000000000000000000000000000000000000002
1022542123500018830940000316741000000                         00000003434301000000DM 00000000000000000000 01063004180015740518                    100518000000000324010400970013004180000250000000000000000000000000000000000000000000000000000000000000000000000000003240000000000000000000000000000000000000000000000000000010000000000000          0004684573966800000000000000000000000000000000000000000003
1022542123500018830940000316741000000                         00000003230001000000DM 00000000000000000000 01063004180010210518                    100518000000000324063400190013004180000250000000000000000000000000000000000000000000000000000000000000000000000000003240000000000000000000000000000000000000000000000000000010000000000000          0007187518269100000000000000000000000000000000000000000004
1022542123500018830940000316741000000                         00000004588101000000DM 00000000000000000000 01063004181000240418                    100518000000003112010400970013004180000250000000000000000000000000000000000000000000000000000000000000000000000000031120000000000000000000000000000000000000000000000000000010000000000000          0488922000017900000000000000000000000000000000000000000005
9027563094SICOOB CREDIARA          RUA MARIA RITA DE AGUIAR                          CENTRO                        38183236ARAXÁ                         MG020520180000000400000000113                                                                                                                                                                                                                    000006
