02RETORNO01COBRANÇA       30940000327964316741J REZENDE                     756 - BANCOOB S/A 1203190000295                                                                                                                                                                                                                                                                                               000001
1022542123500018830940000316741000000                         00000005102001000000DM 00000000000000000000 01060703190013270319                    100319000000000324010400970010703190000250000000000000000000000000000000000000000000000000000000000000000000000000003240000000000000000000000000000000000000000000000000000010000000000000          0005974586069700000000000000000000000000000000000000000002
1022542123500018830940000316741000000                         00000005163001000000DM 00000000000000000000 01060703190014580319                    100319000000000324010400970010703190000250000000000000000000000000000000000000000000000000000000000000000000000000003240000000000000000000000000000000000000000000000000000010000000000000          0002361630010000000000000000000000000000000000000000000003
1022542123500018830940000316741000000                         00000005415101000000DM 00000000000000000000 01060703190025190319                    100319000000000374010407080010703190000250000000000000000000000000000000000000000000000000000000000000000000000000003740000000000000000000000000000000000000000000000000000010000000000000          0008540006863400000000000000000000000000000000000000000004
1022542123500018830940000316741000000                         00000004754501000000DM 00000000000000000000 01060703190004220319                    100319000000000324023716910010703190000250000000000000000000000000000000000000000000000000000000000000000000000000003240000000000000000000000000000000000000000000000000000010000000000000          0007415855469100000000000000000000000000000000000000000005
1022542123500018830940000316741000000                         00000005427001000000DM 00000000000000000000 01060703190025270319                    100319000000000374010400970010703190000250000000000000000000000000000000000000000000000000000000000000000000000000003740000000000000000000000000000000000000000000000000000010000000000000          0000677178867900000000000000000000000000000000000000000006
1022542123500018830940000316741000000                         00000005487101000000DM 00000000000000000000 01060703190026740319                    100319000000000374023716910010703190000250000000000000000000000000000000000000000000000000000000000000000000000000003740000000000000000000000000000000000000000000000000000010000000000000          0000954360460600000000000000000000000000000000000000000007
1022542123500018830940000316741000000                         00000004670101000000DM 00000000000000000000 01060703190001140319                    100319000000000324010400970010703190000250000000000000000000000000000000000000000000000000000000000000000000000000003240000000000000000000000000000000000000000000000000000010000000000000          0004897155363400000000000000000000000000000000000000000008
1022542123500018830940000316741000000                         00000004682001000000DM 00000000000000000000 01060703190002360319                    100319000000000374010400970010703190000250000000000000000000000000000000000000000000000000000000000000000000000000003740000000000000000000000000000000000000000000000000000010000000000000          0000569370264200000000000000000000000000000000000000000009
1022542123500018830940000316741000000                         00000004838901000000DM 00000000000000000000 01060703190005350319                    100319000000000324010400970010703190000250000000000000000000000000000000000000000000000000000000000000000000000000003240000000000000000000000000000000000000000000000000000010000000000000          0000659773163800000000000000000000000000000000000000000010
1022542123500018830940000316741000000                         00000005223701000000DM 00000000000000000000 01060703190015980319                    100319000000000324010400970010703190000250000000000000000000000000000000000000000000000000000000000000000000000000003240000000000000000000000000000000000000000000000000000010000000000000          0007886934067800000000000000000000000000000000000000000011
1022542123500018830940000316741000000                         00000005199401000000DM 00000000000000000000 01060703190015230319                    100319000000000324010400970010703190000250000000000000000000000000000000000000000000000000000000000000000000000000003240000000000000000000000000000000000000000000000000000010000000000000          0003225778362000000000000000000000000000000000000000000012
9027563094SICOOB CREDIARA          RUA MARIA RITA DE AGUIAR                          CENTRO                        38183236ARAXÁ                         MG120320190000001100000000113                                                                                                                                                                                                                    000013
