02RETORNO01COBRANÇA       30940000327964316741J REZENDE                     756 - BANCOOB S/A 0703190000291                                                                                                                                                                                                                                                                                               000001
1022542123500018830940000316741000000                         00000005078801000000DM 00000000000000000000 01062802190011610319                    100319000000000324010400970012802190000250000000000000000000000000000000000000000000000000000000000000000000000000003240000000000000000000000000000000000000000000000000000010000000000000          0004342743060000000000000000000000000000000000000000000002
1022542123500018830940000316741000000                         00000005463501000000DM 00000000000000000000 01062802190026650319                    100319000000000374034109440012802190000250000000000000000000000000000000000000000000000000000000000000000000000000003740000000000000000000000000000000000000000000000000000010000000000000          0000694769266000000000000000000000000000000000000000000003
9027563094SICOOB CREDIARA          RUA MARIA RITA DE AGUIAR                          CENTRO                        38183236ARAXÁ                         MG070320190000000200000000113                                                                                                                                                                                                                    000004
