02RETORNO01COBRANÇA       30940000327964316741J REZENDE                     756 - BANCOOB S/A 0104190000299                                                                                                                                                                                                                                                                                               000001
1022542123500018830940000316741000000                         00000005079501000000DM 00000000000000000000 01062903190011610419                    100419000000000324010400970012903190000250000000000000000000000000000000000000000000000000000000000000000000000000003240000000000000000000000000000000000000000000000000000010000000000000          0004342743060000000000000000000000000000000000000000000002
1022542123500018830940000316741000000                         00000005139201000000DM 00000000000000000000 01062903190014480419                    100419000000000324010400970012903190000250000000000000000000000000000000000000000000000000000000000000000000000000003240000000000000000000000000000000000000000000000000000010000000000000          0005227926069700000000000000000000000000000000000000000003
1022542123500018830940000316741000000                         00000004983201000000DM 00000000000000000000 01062603190010140419                    100419000000000374010400970012603190000250000000000000000000000000000000000000000000000000000000000000000000000000003740000000000000000000000000000000000000000000000000000010000000000000          0005764752663400000000000000000000000000000000000000000004
1022542123500018830940000316741000000                         00000004779901000000DM 00000000000000000000 01062903190004350419                    100419000000000324034109440012903190000250000000000000000000000000000000000000000000000000000000000000000000000000003240000000000000000000000000000000000000000000000000000010000000000000          0001514063611500000000000000000000000000000000000000000005
9027563094SICOOB CREDIARA          RUA MARIA RITA DE AGUIAR                          CENTRO                        38183236ARAXÁ                         MG010420190000000400000000113                                                                                                                                                                                                                    000006
