02RETORNO01COBRANÇA       30940000327964316741J REZENDE                     756 - BANCOOB S/A 0104190000298                                                                                                                                                                                                                                                                                               000001
1022542123500018830940000316741000000                         00000003174201000000DM 00000000000000000000 01092003190025800918                    200918000000000374075630940012003190000100000000000000000000000000000000000000000000000000000000000000000000000000003740000000000000000000000000000000000000000000000000000010000000000000          0007188615063000000000000000000000000000000000000000000002
1022542123500018830940000316741000000                         00000005559701000000DM 00000000000000000000 01062003190028160319                    100319000000000374010400970012003190000250000000000000000000000000000000000000000000000000000000000000000000000000003755000000000001500000000000000000000000000000000000000010000000000000          0008257197068200000000000000000000000000000000000000000003
1022542123500018830940000316741000000                         00000003378501000000DM 00000000000000000000 01092003190024540918                    200918000000000374075630940012003190000100000000000000000000000000000000000000000000000000000000000000000000000000003740000000000000000000000000000000000000000000000000000010000000000000          0000847276465600000000000000000000000000000000000000000004
9027563094SICOOB CREDIARA          RUA MARIA RITA DE AGUIAR                          CENTRO                        38183236ARAXÁ                         MG010420190000000300000000113                                                                                                                                                                                                                    000005
