02RETORNO01COBRANÇA       30940000327964316741J REZENDE                     756 - BANCOOB S/A 1203190000294                                                                                                                                                                                                                                                                                               000001
1022542123500018830940000316741000000                         00000003390401000000DM 00000000000000000000 01091103190024730918                    100918000000000374075630940011103190000100000000000000000000000000000000000000000000000000000000000000000000000000003740000000000000000000000000000000000000000000000000000010000000000000          0001603579869100000000000000000000000000000000000000000002
1022542123500018830940000316741000000                         00000004102101000000DM 00000000000000000000 01091103190014950918                    100918000000000324075630940011103190000100000000000000000000000000000000000000000000000000000000000000000000000000003240000000000000000000000000000000000000000000000000000010000000000000          0000136752462800000000000000000000000000000000000000000003
1022542123500018830940000316741000000                         00000004186001000000DM 00000000000000000000 01091103190026730918                    100918000000000374075630940011103190000100000000000000000000000000000000000000000000000000000000000000000000000000003740000000000000000000000000000000000000000000000000000010000000000000          0000945536569300000000000000000000000000000000000000000004
1022542123500018830940000316741000000                         00000004198801000000DM 00000000000000000000 01091103190030420918                    100918000000000374075630940011103190000100000000000000000000000000000000000000000000000000000000000000000000000000003740000000000000000000000000000000000000000000000000000010000000000000          0001076302165200000000000000000000000000000000000000000005
1022542123500018830940000316741000000                         00000004222001000000DM 00000000000000000000 01091103190004910918                    100918000000000324075630940011103190000100000000000000000000000000000000000000000000000000000000000000000000000000003240000000000000000000000000000000000000000000000000000010000000000000          0002624052160400000000000000000000000000000000000000000006
1022542123500018830940000316741000000                         00000002934301000000DM 00000000000000000000 01091103190001270918                    100918000000000324075630940011103190000100000000000000000000000000000000000000000000000000000000000000000000000000003240000000000000000000000000000000000000000000000000000010000000000000          0000557190363500000000000000000000000000000000000000000007
1022542123500018830940000316741000000                         00000003018801000000DM 00000000000000000000 01091103190007430918                    100918000000000324075630940011103190000100000000000000000000000000000000000000000000000000000000000000000000000000003240000000000000000000000000000000000000000000000000000010000000000000          0000653259166100000000000000000000000000000000000000000008
1022542123500018830940000316741000000                         00000003030701000000DM 00000000000000000000 01091103190008390918                    100918000000000324075630940011103190000100000000000000000000000000000000000000000000000000000000000000000000000000003240000000000000000000000000000000000000000000000000000010000000000000          0004904386264900000000000000000000000000000000000000000009
1022542123500018830940000316741000000                         00000003138701000000DM 00000000000000000000 01091103190005450918                    100918000000000324075630940011103190000100000000000000000000000000000000000000000000000000000000000000000000000000003240000000000000000000000000000000000000000000000000000010000000000000          0003013578866800000000000000000000000000000000000000000010
1022542123500018830940000316741000000                         00000002786201000000DM 00000000000000000000 01091103190001520918                    100918000000000324075630940011103190000100000000000000000000000000000000000000000000000000000000000000000000000000003240000000000000000000000000000000000000000000000000000010000000000000          0000719132169500000000000000000000000000000000000000000011
1022542123500018830940000316741000000                         00000003725201000000DM 00000000000000000000 01091103190029220918                    100918000000000374075630940011103190000100000000000000000000000000000000000000000000000000000000000000000000000000003740000000000000000000000000000000000000000000000000000010000000000000          0005554795862000000000000000000000000000000000000000000012
1022542123500018830940000316741000000                         00000005247301000000DM 00000000000000000000 01060803190017220319                    100319000000000324010400970010803190000250000000000000000000000000000000000000000000000000000000000000000000000000003240000000000000000000000000000000000000000000000000000010000000000000          0000326379860000000000000000000000000000000000000000000013
1022542123500018830940000316741000000                         00000005283901000000DM 00000000000000000000 01060803190017830319                    100319000000000324075630940010803190000250000000000000000000000000000000000000000000000000000000000000000000000000003240000000000000000000000000000000000000000000000000000010000000000000          0007674540669100000000000000000000000000000000000000000014
1022542123500018830940000316741000000                         00000005439801000000DM 00000000000000000000 01061103190025960319                    100319000000000374023716910011103190000250000000000000000000000000000000000000000000000000000000000000000000000000003740000000000000000000000000000000000000000000000000000010000000000000          0009277829168700000000000000000000000000000000000000000015
1022542123500018830940000316741000000                         00000005735401000000DM 00000000000000000000 01060803190029220319                    100319000000000374000102100010803190000250000000000000000000000000000000000000000000000000000000000000000000000000003740000000000000000000000000000000000000000000000000000010000000000000          0005554795862000000000000000000000000000000000000000000016
1022542123500018830940000316741000000                         00000003486601000000DM 00000000000000000000 01091103190017120918                    100918000000000324075630940011103190000100000000000000000000000000000000000000000000000000000000000000000000000000003240000000000000000000000000000000000000000000000000000010000000000000          0006761282268700000000000000000000000000000000000000000017
1022542123500018830940000316741000000                         00000002982701000000DM 00000000000000000000 01091103190004730918                    100918000000000324075630940011103190000100000000000000000000000000000000000000000000000000000000000000000000000000003240000000000000000000000000000000000000000000000000000010000000000000          0004063987868700000000000000000000000000000000000000000018
1022542123500018830940000316741000000                         00000004282201000000DM 00000000000000000000 01091103190030620918                    100918000000000374075630940011103190000100000000000000000000000000000000000000000000000000000000000000000000000000003740000000000000000000000000000000000000000000000000000010000000000000          0001347627260500000000000000000000000000000000000000000019
1022542123500018830940000316741000000                         00000003802501000000DM 00000000000000000000 01091103190030640918                    100918000000000374075630940011103190000100000000000000000000000000000000000000000000000000000000000000000000000000003740000000000000000000000000000000000000000000000000000010000000000000          0000507097947700000000000000000000000000000000000000000020
1022542123500018830940000316741000000                         00000005547901000000DM 00000000000000000000 01061103190028150319                    100319000000000374010400970011103190000250000000000000000000000000000000000000000000000000000000000000000000000000003740000000000000000000000000000000000000000000000000000010000000000000          0001026372666500000000000000000000000000000000000000000021
1022542123500018830940000316741000000                         00000005138501000000DM 00000000000000000000 01060803190014480319                    100319000000000324010400970010803190000250000000000000000000000000000000000000000000000000000000000000000000000000003240000000000000000000000000000000000000000000000000000010000000000000          0005227926069700000000000000000000000000000000000000000022
1022542123500018830940000316741000000                         00000004658201000000DM 00000000000000000000 01060803190000410319                    100319000000000324023716910010803190000250000000000000000000000000000000000000000000000000000000000000000000000000003240000000000000000000000000000000000000000000000000000010000000000000          0000565324365500000000000000000000000000000000000000000023
1022542123500018830940000316741000000                         00000005774101000000DM 00000000000000000000 01061103191000100219                    100319000000001908000142020011103190000250000000000000000000000000000000000000000000000000000000000000000000000000019080000000000000000000000000000000000000000000000000000010000000000000          7097303700034300000000000000000000000000000000000000000024
1022542123500018830940000316741000000                         00000005777301000000DM 00000000000000000000 01061103191000110219                    100319000000002495023716910011103190000250000000000000000000000000000000000000000000000000000000000000000000000000024950000000000000000000000000000000000000000000000000000010000000000000          3874637600038400000000000000000000000000000000000000000025
1022542123500018830940000316741000000                         00000002882501000000DM 00000000000000000000 01091103190004230918                    100918000000000324075630940011103190000100000000000000000000000000000000000000000000000000000000000000000000000000003240000000000000000000000000000000000000000000000000000010000000000000          0005724833867200000000000000000000000000000000000000000026
1022542123500018830940000316741000000                         00000002946101000000DM 00000000000000000000 01091103190004600918                    100918000000000324075630940011103190000100000000000000000000000000000000000000000000000000000000000000000000000000003240000000000000000000000000000000000000000000000000000010000000000000          0004085395076800000000000000000000000000000000000000000027
1022542123500018830940000316741000000                         00000003414601000000DM 00000000000000000000 01091103190025830918                    100918000000000374075630940011103190000100000000000000000000000000000000000000000000000000000000000000000000000000003740000000000000000000000000000000000000000000000000000010000000000000          0000512870969800000000000000000000000000000000000000000028
1022542123500018830940000316741000000                         00000003713401000000DM 00000000000000000000 01091103190029160918                    100918000000000374075630940011103190000100000000000000000000000000000000000000000000000000000000000000000000000000003740000000000000000000000000000000000000000000000000000010000000000000          0001248442318700000000000000000000000000000000000000000029
1022542123500018830940000316741000000                         00000004042401000000DM 00000000000000000000 01091103190014420918                    100918000000000324075630940011103190000100000000000000000000000000000000000000000000000000000000000000000000000000003240000000000000000000000000000000000000000000000000000010000000000000          0000534757766500000000000000000000000000000000000000000030
1022542123500018830940000316741000000                         00000004234901000000DM 00000000000000000000 01091103190030460918                    100918000000000374075630940011103190000100000000000000000000000000000000000000000000000000000000000000000000000000003740000000000000000000000000000000000000000000000000000010000000000000          0000149822561600000000000000000000000000000000000000000031
1022542123500018830940000316741000000                         00000004635301000000DM 00000000000000000000 01091103191000110818                    100918000000002094075630940011103190000100000000000000000000000000000000000000000000000000000000000000000000000000020940000000000000000000000000000000000000000000000000000010000000000000          3874637600038400000000000000000000000000000000000000000032
1022542123500018830940000316741000000                         00000004638501000000DM 00000000000000000000 01091103191000180818                    100918000000009798075630940011103190000100000000000000000000000000000000000000000000000000000000000000000000000000097980000000000000000000000000000000000000000000000000000010000000000000          1823706600016500000000000000000000000000000000000000000033
1022542123500018830940000316741000000                         00000004789201000000DM 00000000000000000000 01061103190004370219                    100219000000000324010400970011103190000250000000000000000000000000000000000000000000000000000000000000000000000000003274000000000003400000000000000000000000000000000000000010000000000000          0001313854565300000000000000000000000000000000000000000034
1022542123500018830940000316741000000                         00000005018601000000DM 00000000000000000000 01060803190010460319                    100319000000000324010400970010803190000250000000000000000000000000000000000000000000000000000000000000000000000000003240000000000000000000000000000000000000000000000000000010000000000000          0000013014064300000000000000000000000000000000000000000035
1022542123500018830940000316741000000                         00000005187601000000DM 00000000000000000000 01061103190014950319                    100319000000000324010400970011103190000250000000000000000000000000000000000000000000000000000000000000000000000000003240000000000000000000000000000000000000000000000000000010000000000000          0000136752462800000000000000000000000000000000000000000036
1022542123500018830940000316741000000                         00000005235501000000DM 00000000000000000000 01060803190016360319                    100319000000000374010400970010803190000250000000000000000000000000000000000000000000000000000000000000000000000000003740000000000000000000000000000000000000000000000000000010000000000000          0004340692069100000000000000000000000000000000000000000037
1022542123500018830940000316741000000                         00000005723601000000DM 00000000000000000000 01061103190030690319                    100319000000000374075630940011103190000250000000000000000000000000000000000000000000000000000000000000000000000000003740000000000000000000000000000000000000000000000000000010000000000000          0006037461660400000000000000000000000000000000000000000038
1022542123500018830940000316741000000                         00000003222101000000DM 00000000000000000000 01091103190010200918                    100918000000000374075630940011103190000100000000000000000000000000000000000000000000000000000000000000000000000000003740000000000000000000000000000000000000000000000000000010000000000000          0003616071763400000000000000000000000000000000000000000039
1022542123500018830940000316741000000                         00000003850901000000DM 00000000000000000000 01091103190030290918                    100918000000000374075630940011103190000100000000000000000000000000000000000000000000000000000000000000000000000000003740000000000000000000000000000000000000000000000000000010000000000000          0001252081260500000000000000000000000000000000000000000040
1022542123500018830940000316741000000                         00000003970801000000DM 00000000000000000000 01091103190026710918                    100918000000000374075630940011103190000100000000000000000000000000000000000000000000000000000000000000000000000000003740000000000000000000000000000000000000000000000000000010000000000000          0005764341515300000000000000000000000000000000000000000041
1022542123500018830940000316741000000                         00000003533801000000DM 00000000000000000000 01091103190022630918                    100918000000000324075630940011103190000100000000000000000000000000000000000000000000000000000000000000000000000000003240000000000000000000000000000000000000000000000000000010000000000000          0002485828563400000000000000000000000000000000000000000042
1022542123500018830940000316741000000                         00000004480101000000DM 00000000000000000000 01091103190030660918                    100918000000000324075630940011103190000100000000000000000000000000000000000000000000000000000000000000000000000000003240000000000000000000000000000000000000000000000000000010000000000000          0000927428865400000000000000000000000000000000000000000043
1022542123500018830940000316741000000                         00000005499001000000DM 00000000000000000000 01060803190026860319                    100319000000000374010400970010803190000250000000000000000000000000000000000000000000000000000000000000000000000000003740000000000000000000000000000000000000000000000000000010000000000000          0003407094060000000000000000000000000000000000000000000044
1022542123500018830940000316741000000                         00000005607601000000DM 00000000000000000000 01060803190029010319                    100319000000000374010400970010803190000250000000000000000000000000000000000000000000000000000000000000000000000000003740000000000000000000000000000000000000000000000000000010000000000000          0002483652468700000000000000000000000000000000000000000045
1022542123500018830940000316741000000                         00000005773401000000DM 00000000000000000000 01061103191000070219                    100319000000001047000142020011103190000250000000000000000000000000000000000000000000000000000000000000000000000000010470000000000000000000000000000000000000000000000000000010000000000000          7097303700069600000000000000000000000000000000000000000046
1022542123500018830940000316741000000                         00000005776601000000DM 00000000000000000000 01061103191000150219                    100319000000000349000142020011103190000250000000000000000000000000000000000000000000000000000000000000000000000000003490000000000000000000000000000000000000000000000000000010000000000000          7097303700093900000000000000000000000000000000000000000047
1022542123500018830940000316741000000                         00000005779801000000DM 00000000000000000000 01061103191000210219                    100319000000000526575640790011103190000250000000000000000000000000000000000000000000000000000000000000000000000000005265000000000000000000000000000000000000000000000000000010000000000000          6522717500018100000000000000000000000000000000000000000048
1022542123500018830940000316741000000                         00000003826101000000DM 00000000000000000000 01091103190030110918                    100918000000000374075630940011103190000100000000000000000000000000000000000000000000000000000000000000000000000000003740000000000000000000000000000000000000000000000000000010000000000000          0001104048469700000000000000000000000000000000000000000049
1022542123500018830940000316741000000                         00000003898101000000DM 00000000000000000000 01091103190025420918                    100918000000000374075630940011103190000100000000000000000000000000000000000000000000000000000000000000000000000000003740000000000000000000000000000000000000000000000000000010000000000000          0002891803760000000000000000000000000000000000000000000050
1022542123500018830940000316741000000                         00000003910601000000DM 00000000000000000000 01091103190025530918                    100918000000000374075630940011103190000100000000000000000000000000000000000000000000000000000000000000000000000000003740000000000000000000000000000000000000000000000000000010000000000000          0000588234869200000000000000000000000000000000000000000051
1022542123500018830940000316741000000                         00000003946001000000DM 00000000000000000000 01091103190026060918                    100918000000000374075630940011103190000100000000000000000000000000000000000000000000000000000000000000000000000000003740000000000000000000000000000000000000000000000000000010000000000000          0004341197568700000000000000000000000000000000000000000052
1022542123500018830940000316741000000                         00000003790101000000DM 00000000000000000000 01091103190029770918                    100918000000000374075630940011103190000100000000000000000000000000000000000000000000000000000000000000000000000000003740000000000000000000000000000000000000000000000000000010000000000000          0006219557360000000000000000000000000000000000000000000053
1022542123500018830940000316741000000                         00000004561301000000DM 00000000000000000000 01091103190016380918                    100918000000000324075630940011103190000100000000000000000000000000000000000000000000000000000000000000000000000000003240000000000000000000000000000000000000000000000000000010000000000000          0004897108160000000000000000000000000000000000000000000054
1022542123500018830940000316741000000                         00000005570901000000DM 00000000000000000000 01060803190028810219                    100219000000000374010400970010803190000250000000000000000000000000000000000000000000000000000000000000000000000000003776000000000003600000000000000000000000000000000000000010000000000000          0002729612165300000000000000000000000000000000000000000055
1022542123500018830940000316741000000                         00000004766301000000DM 00000000000000000000 01060803190004270319                    100319000000000324010400970010803190000250000000000000000000000000000000000000000000000000000000000000000000000000003240000000000000000000000000000000000000000000000000000010000000000000          0000329979965700000000000000000000000000000000000000000056
1022542123500018830940000316741000000                         00000005775901000000DM 00000000000000000000 01061103191000120219                    100319000000000698000102100011103190000250000000000000000000000000000000000000000000000000000000000000000000000000006980000000000000000000000000000000000000000000000000000010000000000000          7097216100012200000000000000000000000000000000000000000057
1022542123500018830940000316741000000                         00000003354901000000DM 00000000000000000000 01091103190024350918                    100918000000000324075630940011103190000100000000000000000000000000000000000000000000000000000000000000000000000000003240000000000000000000000000000000000000000000000000000010000000000000          0008566563069100000000000000000000000000000000000000000058
1022542123500018830940000316741000000                         00000003282301000000DM 00000000000000000000 01091103190012200918                    100918000000000324075630940011103190000100000000000000000000000000000000000000000000000000000000000000000000000000003240000000000000000000000000000000000000000000000000000010000000000000          0005183755876000000000000000000000000000000000000000000059
1022542123500018830940000316741000000                         00000004018701000000DM 00000000000000000000 01091103190027000918                    100918000000000374075630940011103190000100000000000000000000000000000000000000000000000000000000000000000000000000003740000000000000000000000000000000000000000000000000000010000000000000          0000487456467400000000000000000000000000000000000000000060
1022542123500018830940000316741000000                         00000004150501000000DM 00000000000000000000 01091103190025310918                    100918000000000374075630940011103190000100000000000000000000000000000000000000000000000000000000000000000000000000003740000000000000000000000000000000000000000000000000000010000000000000          0000797618260900000000000000000000000000000000000000000061
1022542123500018830940000316741000000                         00000003569201000000DM 00000000000000000000 01091103190022820918                    100918000000000324075630940011103190000100000000000000000000000000000000000000000000000000000000000000000000000000003240000000000000000000000000000000000000000000000000000010000000000000          0007188059365300000000000000000000000000000000000000000062
1022542123500018830940000316741000000                         00000003581101000000DM 00000000000000000000 01091103190023040918                    100918000000000374075630940011103190000100000000000000000000000000000000000000000000000000000000000000000000000000003740000000000000000000000000000000000000000000000000000010000000000000          0004225353567200000000000000000000000000000000000000000063
1022542123500018830940000316741000000                         00000003629001000000DM 00000000000000000000 01091103190027570918                    100918000000000374075630940011103190000100000000000000000000000000000000000000000000000000000000000000000000000000003740000000000000000000000000000000000000000000000000000010000000000000          0000699499364700000000000000000000000000000000000000000064
1022542123500018830940000316741000000                         00000003773601000000DM 00000000000000000000 01091103190029710918                    100918000000000374075630940011103190000100000000000000000000000000000000000000000000000000000000000000000000000000003740000000000000000000000000000000000000000000000000000010000000000000          0002729840060600000000000000000000000000000000000000000065
1022542123500018830940000316741000000                         00000002822301000000DM 00000000000000000000 01091103190003300918                    100918000000000324075630940011103190000100000000000000000000000000000000000000000000000000000000000000000000000000003240000000000000000000000000000000000000000000000000000010000000000000          0000916024261200000000000000000000000000000000000000000066
1022542123500018830940000316741000000                         00000004455701000000DM 00000000000000000000 01091103190017950918                    100918000000000324075630940011103190000100000000000000000000000000000000000000000000000000000000000000000000000000003240000000000000000000000000000000000000000000000000000010000000000000          0000027258068600000000000000000000000000000000000000000067
1022542123500018830940000316741000000                         00000005679601000000DM 00000000000000000000 01061103190030330319                    100319000000000374010400970011103190000250000000000000000000000000000000000000000000000000000000000000000000000000003740000000000000000000000000000000000000000000000000000010000000000000          0008285259668700000000000000000000000000000000000000000068
1022542123500018830940000316741000000                         00000005090701000000DM 00000000000000000000 01061103190012340319                    100319000000000324075630940011103190000250000000000000000000000000000000000000000000000000000000000000000000000000003240000000000000000000000000000000000000000000000000000010000000000000          0008461066260400000000000000000000000000000000000000000069
1022542123500018830940000316741000000                         00000005175801000000DM 00000000000000000000 01061103190014700319                    100319000000000324010400970011103190000250000000000000000000000000000000000000000000000000000000000000000000000000003240000000000000000000000000000000000000000000000000000010000000000000          0008318973461500000000000000000000000000000000000000000070
1022542123500018830940000316741000000                         00000004802401000000DM 00000000000000000000 01060803190004530319                    100319000000000374010400970010803190000250000000000000000000000000000000000000000000000000000000000000000000000000003740000000000000000000000000000000000000000000000000000010000000000000          0000786278560600000000000000000000000000000000000000000071
1022542123500018830940000316741000000                         00000004874401000000DM 00000000000000000000 01061103190006480319                    100319000000000374010400970011103190000250000000000000000000000000000000000000000000000000000000000000000000000000003740000000000000000000000000000000000000000000000000000010000000000000          0001612677762000000000000000000000000000000000000000000072
1022542123500018830940000316741000000                         00000003006001000000DM 00000000000000000000 01091103190007200918                    100918000000000324075630940011103190000100000000000000000000000000000000000000000000000000000000000000000000000000003240000000000000000000000000000000000000000000000000000010000000000000          0003609756063000000000000000000000000000000000000000000073
1022542123500018830940000316741000000                         00000003078001000000DM 00000000000000000000 01091103190008470918                    100918000000000374075630940011103190000100000000000000000000000000000000000000000000000000000000000000000000000000003740000000000000000000000000000000000000000000000000000010000000000000          0000150671660100000000000000000000000000000000000000000074
1022542123500018830940000316741000000                         00000003186001000000DM 00000000000000000000 01091103190009450918                    100918000000000324075630940011103190000100000000000000000000000000000000000000000000000000000000000000000000000000003240000000000000000000000000000000000000000000000000000010000000000000          0009277825960000000000000000000000000000000000000000000075
1022542123500018830940000316741000000                         00000003270501000000DM 00000000000000000000 01091103190011390918                    100918000000000324075630940011103190000100000000000000000000000000000000000000000000000000000000000000000000000000003240000000000000000000000000000000000000000000000000000010000000000000          0009651106069100000000000000000000000000000000000000000076
1022542123500018830940000316741000000                         00000003922401000000DM 00000000000000000000 01091103190025960918                    100918000000000374075630940011103190000100000000000000000000000000000000000000000000000000000000000000000000000000003740000000000000000000000000000000000000000000000000000010000000000000          0009277829168700000000000000000000000000000000000000000077
1022542123500018830940000316741000000                         00000003994401000000DM 00000000000000000000 01091103190026750918                    100918000000000374075630940011103190000100000000000000000000000000000000000000000000000000000000000000000000000000003740000000000000000000000000000000000000000000000000000010000000000000          0001130201368800000000000000000000000000000000000000000078
1022542123500018830940000316741000000                         00000004054201000000DM 00000000000000000000 01091103190014430918                    100918000000000324075630940011103190000100000000000000000000000000000000000000000000000000000000000000000000000000003240000000000000000000000000000000000000000000000000000010000000000000          0000696140365400000000000000000000000000000000000000000079
1022542123500018830940000316741000000                         00000003557401000000DM 00000000000000000000 01091103190022690918                    100918000000000374075630940011103190000100000000000000000000000000000000000000000000000000000000000000000000000000003740000000000000000000000000000000000000000000000000000010000000000000          0006307307269100000000000000000000000000000000000000000080
1022542123500018830940000316741000000                         00000004573101000000DM 00000000000000000000 01091103190026040918                    100918000000000374075630940011103190000100000000000000000000000000000000000000000000000000000000000000000000000000003740000000000000000000000000000000000000000000000000000010000000000000          0007148771960400000000000000000000000000000000000000000081
1022542123500018830940000316741000000                         00000005523201000000DM 00000000000000000000 01061103190027130319                    100319000000000374010400970011103190000250000000000000000000000000000000000000000000000000000000000000000000000000003740000000000000000000000000000000000000000000000000000010000000000000          0009652261564900000000000000000000000000000000000000000082
1022542123500018830940000316741000000                         00000005667801000000DM 00000000000000000000 01060803190030140319                    100319000000000374023716910010803190000250000000000000000000000000000000000000000000000000000000000000000000000000003740000000000000000000000000000000000000000000000000000010000000000000          0000506908968400000000000000000000000000000000000000000083
1022542123500018830940000316741000000                         00000004706101000000DM 00000000000000000000 01061103190002560319                    100319000000000324075630940011103190000250000000000000000000000000000000000000000000000000000000000000000000000000003240000000000000000000000000000000000000000000000000000010000000000000          0000474784860600000000000000000000000000000000000000000084
1022542123500018830940000316741000000                         00000004790001000000DM 00000000000000000000 01061103190004370319                    100319000000000324010400970011103190000250000000000000000000000000000000000000000000000000000000000000000000000000003240000000000000000000000000000000000000000000000000000010000000000000          0001313854565300000000000000000000000000000000000000000085
1022542123500018830940000316741000000                         00000004862601000000DM 00000000000000000000 01061103190005930319                    100319000000000324010400970011103190000250000000000000000000000000000000000000000000000000000000000000000000000000003240000000000000000000000000000000000000000000000000000010000000000000          0003023575860400000000000000000000000000000000000000000086
1022542123500018830940000316741000000                         00000004910501000000DM 00000000000000000000 01061103190008390319                    100319000000000324010400970011103190000250000000000000000000000000000000000000000000000000000000000000000000000000003240000000000000000000000000000000000000000000000000000010000000000000          0004904386264900000000000000000000000000000000000000000087
1022542123500018830940000316741000000                         00000003450101000000DM 00000000000000000000 01091103190015840918                    100918000000000324075630940011103190000100000000000000000000000000000000000000000000000000000000000000000000000000003240000000000000000000000000000000000000000000000000000010000000000000          0006872201061000000000000000000000000000000000000000000088
1022542123500018830940000316741000000                         00000002994501000000DM 00000000000000000000 01091103190006790918                    100918000000000374075630940011103190000100000000000000000000000000000000000000000000000000000000000000000000000000003740000000000000000000000000000000000000000000000000000010000000000000          0003619380163400000000000000000000000000000000000000000089
1022542123500018830940000316741000000                         00000003090901000000DM 00000000000000000000 01091103190008690918                    100918000000000324075630940011103190000100000000000000000000000000000000000000000000000000000000000000000000000000003240000000000000000000000000000000000000000000000000000010000000000000          0000027442861000000000000000000000000000000000000000000090
1022542123500018830940000316741000000                         00000004209401000000DM 00000000000000000000 01091103190030430918                    100918000000000374075630940011103190000100000000000000000000000000000000000000000000000000000000000000000000000000003740000000000000000000000000000000000000000000000000000010000000000000          0000394635469600000000000000000000000000000000000000000091
1022542123500018830940000316741000000                         00000003737001000000DM 00000000000000000000 01091103190029630918                    100918000000000374075630940011103190000100000000000000000000000000000000000000000000000000000000000000000000000000003740000000000000000000000000000000000000000000000000000010000000000000          0000559499965500000000000000000000000000000000000000000092
1022542123500018830940000316741000000                         00000004469001000000DM 00000000000000000000 01091103190030670918                    100918000000000374075630940011103190000100000000000000000000000000000000000000000000000000000000000000000000000000003740000000000000000000000000000000000000000000000000000010000000000000          0004937862766800000000000000000000000000000000000000000093
1022542123500018830940000316741000000                         00000004378401000000DM 00000000000000000000 01091103190030410918                    100918000000000374075630940011103190000100000000000000000000000000000000000000000000000000000000000000000000000000003740000000000000000000000000000000000000000000000000000010000000000000          0006919796260000000000000000000000000000000000000000000094
1022542123500018830940000316741000000                         00000004390301000000DM 00000000000000000000 01091103190030440918                    100918000000000374075630940011103190000100000000000000000000000000000000000000000000000000000000000000000000000000003740000000000000000000000000000000000000000000000000000010000000000000          0000119164868000000000000000000000000000000000000000000095
1022542123500018830940000316741000000                         00000004526501000000DM 00000000000000000000 01091103190025540918                    100918000000000349075630940011103190000100000000000000000000000000000000000000000000000000000000000000000000000000003490000000000000000000000000000000000000000000000000000010000000000000          0006612599561500000000000000000000000000000000000000000096
1022542123500018830940000316741000000                         00000004730901000000DM 00000000000000000000 01061103190004140319                    100319000000000374003334670011103190000250000000000000000000000000000000000000000000000000000000000000000000000000003740000000000000000000000000000000000000000000000000000010000000000000          0000303613564200000000000000000000000000000000000000000097
1022542123500018830940000316741000000                         00000004743401000000DM 00000000000000000000 01061103190004160419                    100419000000000324034109440011103190000250000000000000000000000000000000000000000000000000000000000000000000000000003240000000000000000000000000000000000000000000000000000010000000000000          0009147587261500000000000000000000000000000000000000000098
1022542123500018830940000316741000000                         00000005379001000000DM 00000000000000000000 01061103190024530319                    100319000000000374010400970011103190000250000000000000000000000000000000000000000000000000000000000000000000000000003740000000000000000000000000000000000000000000000000000010000000000000          0003607094764900000000000000000000000000000000000000000099
9027563094SICOOB CREDIARA          RUA MARIA RITA DE AGUIAR                          CENTRO                        38183236ARAXÁ                         MG120320190000009800000000113                                                                                                                                                                                                                    000100
