02RETORNO01COBRANÇA       30940000327964316741J REZENDE                     756 - BANCOOB S/A 1203190000296                                                                                                                                                                                                                                                                                               000001
1022542123500018830940000316741000000                         00000004693001000000DM 00000000000000000000 01060603190002470219                    100219000000000324010400970010603190000250000000000000000000000000000000000000000000000000000000000000000000000000003269000000000002900000000000000000000000000000000000000010000000000000          0000356167569700000000000000000000000000000000000000000002
1022542123500018830940000316741000000                         00000004778101000000DM 00000000000000000000 01060603190004350319                    100319000000000324034109440010603190000250000000000000000000000000000000000000000000000000000000000000000000000000003240000000000000000000000000000000000000000000000000000010000000000000          0001514063611500000000000000000000000000000000000000000003
1022542123500018830940000316741000000                         00000005583401000000DM 00000000000000000000 01060603190028820319                    100319000000000374010400970010603190000250000000000000000000000000000000000000000000000000000000000000000000000000003740000000000000000000000000000000000000000000000000000010000000000000          0002486093060600000000000000000000000000000000000000000004
1022542123500018830940000316741000000                         00000004922301000000DM 00000000000000000000 01060603190008410319                    100319000000000324034184810010603190000250000000000000000000000000000000000000000000000000000000000000000000000000003240000000000000000000000000000000000000000000000000000010000000000000          0004459589168700000000000000000000000000000000000000000005
1022542123500018830940000316741000000                         00000004970701000000DM 00000000000000000000 01060603190009530319                    100319000000000324010400970010603190000250000000000000000000000000000000000000000000000000000000000000000000000000003240000000000000000000000000000000000000000000000000000010000000000000          0004361846464900000000000000000000000000000000000000000006
9027563094SICOOB CREDIARA          RUA MARIA RITA DE AGUIAR                          CENTRO                        38183236ARAXÁ                         MG120320190000000500000000113                                                                                                                                                                                                                    000007
