02RETORNO01COBRANÇA       30940000327964316741J REZENDE - ME                756 - BANCOOB S/A 0602170000042                                                                                                                                                                                                                                                                                               000001
1022542123500018830940000316741000000                         00000002125201000000DM 00000000000000000000 01060302170026750217                    100217000000000349010400970010302170000250000000000000000000000000000000000000000000000000000000000000000000000000003490000000000000000000000000000000000000000000000000000010000000000000          0001130201368800000000000000000000000000000000000000000002
1022542123500018830940000316741000000                         00000000790401000000DM 00000000000000000000 01060302170010920217                    100217000000000294010400970010302170000250000000000000000000000000000000000000000000000000000000000000000000000000002940000000000000000000000000000000000000000000000000000010000000000000          0007570230469100000000000000000000000000000000000000000003
1022542123500018830940000316741000000                         00000002137001000000DM 00000000000000000000 01060302170026860217                    100217000000000349034199260010302170000250000000000000000000000000000000000000000000000000000000000000000000000000003490000000000000000000000000000000000000000000000000000010000000000000          0003407094060000000000000000000000000000000000000000000004
1022542123500018830940000316741000000                         00000000440001000000DM 00000000000000000000 01060302170007200217                    100217000000000294034199260010302170000250000000000000000000000000000000000000000000000000000000000000000000000000002940000000000000000000000000000000000000000000000000000010000000000000          0003609756063000000000000000000000000000000000000000000005
1022542123500018830940000316741000000                         00000000247801000000DM 00000000000000000000 01060302170003720217                    100217000000000294075630940010302170000250000000000000000000000000000000000000000000000000000000000000000000000000002940000000000000000000000000000000000000000000000000000010000000000000          0000595338569200000000000000000000000000000000000000000006
1022542123500018830940000316741000000                         00000000295101000000DM 00000000000000000000 01060302170004220217                    100217000000000294000113320010302170000250000000000000000000000000000000000000000000000000000000000000000000000000002940000000000000000000000000000000000000000000000000000010000000000000          0007415855469100000000000000000000000000000000000000000007
1022542123500018830940000316741000000                         00000002017101000000DM 00000000000000000000 01060302170025950217                    100217000000000349010400970010302170000250000000000000000000000000000000000000000000000000000000000000000000000000003490000000000000000000000000000000000000000000000000000010000000000000          0009473525567200000000000000000000000000000000000000000008
9027563094SICOOB CREDIARA          RUA MARIA RITA DE AGUIAR                          CENTRO                        38183236ARAXÁ                         MG060220170000000700000000113                                                                                                                                                                                                                    000009
