02RETORNO01COBRANÇA       30940000327964316741J REZENDE - ME                756 - BANCOOB S/A 0802170000044                                                                                                                                                                                                                                                                                               000001
1022542123500018830940000316741000000                         00000002269801000000DM 00000000000000000000 01060602170014950217                    100217000000000294010400970010602170000250000000000000000000000000000000000000000000000000000000000000000000000000002940000000000000000000000000000000000000000000000000000010000000000000          0000136752462800000000000000000000000000000000000000000002
1022542123500018830940000316741000000                         00000001534701000000DM 00000000000000000000 01060602170028810217                    100217000000000349034199260010602170000250000000000000000000000000000000000000000000000000000000000000000000000000003490000000000000000000000000000000000000000000000000000010000000000000          0002729612165300000000000000000000000000000000000000000003
1022542123500018830940000316741000000                         00000002065501000000DM 00000000000000000000 01060602170026580217                    100217000000000349010400970010602170000250000000000000000000000000000000000000000000000000000000000000000000000000003490000000000000000000000000000000000000000000000000000010000000000000          0003032597862000000000000000000000000000000000000000000004
1022542123500018830940000316741000000                         00000001498601000000DM 00000000000000000000 01060602170028160217                    100217000000000349010400970010602170000250000000000000000000000000000000000000000000000000000000000000000000000000003490000000000000000000000000000000000000000000000000000010000000000000          0008257197068200000000000000000000000000000000000000000005
1022542123500018830940000316741000000                         00000002161801000000DM 00000000000000000000 01060602170027000217                    100217000000000349010400970010602170000250000000000000000000000000000000000000000000000000000000000000000000000000003490000000000000000000000000000000000000000000000000000010000000000000          0000487456467400000000000000000000000000000000000000000006
1022542123500018830940000316741000000                         00000000550601000000DM 00000000000000000000 01060602170008410217                    100217000000000294010400970010602170000250000000000000000000000000000000000000000000000000000000000000000000000000002940000000000000000000000000000000000000000000000000000010000000000000          0004459589168700000000000000000000000000000000000000000007
1022542123500018830940000316741000000                         00000000658601000000DM 00000000000000000000 01060602170006480217                    100217000000000349010400970010602170000250000000000000000000000000000000000000000000000000000000000000000000000000003490000000000000000000000000000000000000000000000000000010000000000000          0001612677762000000000000000000000000000000000000000000008
1022542123500018830940000316741000000                         00000002221501000000DM 00000000000000000000 01060602170014430217                    100217000000000294010400970010602170000250000000000000000000000000000000000000000000000000000000000000000000000000002940000000000000000000000000000000000000000000000000000010000000000000          0000696140365400000000000000000000000000000000000000000009
1022542123500018830940000316741000000                         00000000742001000000DM 00000000000000000000 01100602170010210217                    100217000000000294075630940010602170000100000000000000000000000000000000000000000000000000000000000000000000000000002940000000000000000000000000000000000000000000000000000010000000000000          0007187518269100000000000000000000000000000000000000000010
1022542123500018830940000316741000000                         00000002053701000000DM 00000000000000000000 01060602170026060217                    100217000000000349010400970010602170000250000000000000000000000000000000000000000000000000000000000000000000000000003490000000000000000000000000000000000000000000000000000010000000000000          0004341197568700000000000000000000000000000000000000000011
1022542123500018830940000316741000000                         00000000500801000000DM 00000000000000000000 01100602170007930217                    100217000000000294075630940010602170000100000000000000000000000000000000000000000000000000000000000000000000000000002940000000000000000000000000000000000000000000000000000010000000000000          0005103575868700000000000000000000000000000000000000000012
1022542123500018830940000316741000000                         00000000730201000000DM 00000000000000000000 01100602170010200217                    100217000000000349075630940010602170000100000000000000000000000000000000000000000000000000000000000000000000000000003490000000000000000000000000000000000000000000000000000010000000000000          0003616071763400000000000000000000000000000000000000000013
1022542123500018830940000316741000000                         00000001726101000000DM 00000000000000000000 01060602170029770217                    100217000000000349010400970010602170000250000000000000000000000000000000000000000000000000000000000000000000000000003490000000000000000000000000000000000000000000000000000010000000000000          0006219557360000000000000000000000000000000000000000000014
1022542123500018830940000316741000000                         00000000862001000000DM 00000000000000000000 01100602170011880217                    100217000000000294075630940010602170000100000000000000000000000000000000000000000000000000000000000000000000000000002940000000000000000000000000000000000000000000000000000010000000000000          0009650926062000000000000000000000000000000000000000000015
1022542123500018830940000316741000000                         00000001138901000000DM 00000000000000000000 01060602170017120217                    100217000000000294010400970010602170000250000000000000000000000000000000000000000000000000000000000000000000000000002940000000000000000000000000000000000000000000000000000010000000000000          0006761282268700000000000000000000000000000000000000000016
1022542123500018830940000316741000000                         00000001618001000000DM 00000000000000000000 01060602170029160217                    100217000000000349010400970010602170000250000000000000000000000000000000000000000000000000000000000000000000000000003490000000000000000000000000000000000000000000000000000010000000000000          0001248442318700000000000000000000000000000000000000000017
1022542123500018830940000316741000000                         00000001594901000000DM 00000000000000000000 01060602170029010217                    100217000000000349010400970010602170000250000000000000000000000000000000000000000000000000000000000000000000000000003490000000000000000000000000000000000000000000000000000010000000000000          0002483652468700000000000000000000000000000000000000000018
1022542123500018830940000316741000000                         00000001378701000000DM 00000000000000000000 01060602170023060217                    100217000000000349010400970010602170000250000000000000000000000000000000000000000000000000000000000000000000000000003490000000000000000000000000000000000000000000000000000010000000000000          0000284027162100000000000000000000000000000000000000000019
1022542123500018830940000316741000000                         00000001849201000000DM 00000000000000000000 01060602170030330217                    100217000000000349010400970010602170000250000000000000000000000000000000000000000000000000000000000000000000000000003490000000000000000000000000000000000000000000000000000010000000000000          0008285259668700000000000000000000000000000000000000000020
1022542123500018830940000316741000000                         00000000694101000000DM 00000000000000000000 01060602170009530217                    100217000000000294010400970010602170000250000000000000000000000000000000000000000000000000000000000000000000000000002940000000000000000000000000000000000000000000000000000010000000000000          0004361846464900000000000000000000000000000000000000000021
1022542123500018830940000316741000000                         00000001861101000000DM 00000000000000000000 01060602170030350217                    100217000000000349010400970010602170000250000000000000000000000000000000000000000000000000000000000000000000000000003490000000000000000000000000000000000000000000000000000010000000000000          0001014402069600000000000000000000000000000000000000000022
1022542123500018830940000316741000000                         00000001969101000000DM 00000000000000000000 01060602170025770217                    100217000000000349010400970010602170000250000000000000000000000000000000000000000000000000000000000000000000000000003490000000000000000000000000000000000000000000000000000010000000000000          0003225644269100000000000000000000000000000000000000000023
9027563094SICOOB CREDIARA          RUA MARIA RITA DE AGUIAR                          CENTRO                        38183236ARAXÁ                         MG080220170000002200000000113                                                                                                                                                                                                                    000024
