02RETORNO01COBRANÇA       30940000327964316741INOVA TECNOLOGIA DE INFORMACAO756 - BANCOOB S/A 2106220000546                                                                                                                                                                                                                                                                                               000001
1022542123500018830940000316741000000                         00000007807801000000DM 00000000000000000000 01062705220035750522                    100522000000000420010400970012705220000250000000000000000000000000000000000000000000000000000000000000000000000000004204000000000000400000000000000000000000000000000000000010000000000000          0000188321888800000000000000000000000000000000000000000002
1022542123500018830940000316741000000                         00000007808501000000DM 00000000000000000000 01062705220035750622                    100622000000000420010400970012705220000250000000000000000000000000000000000000000000000000000000000000000000000000004200000000000000000000000000000000000000000000000000000010000000000000          0000188321888800000000000000000000000000000000000000000003
1022542123500018830940000316741000000                         00000007629601000000DM 00000000000000000000 01062605220010140622                    100622000000000420010400970012605220000250000000000000000000000000000000000000000000000000000000000000000000000000004200000000000000000000000000000000000000000000000000000010000000000000          0005764752663400000000000000000000000000000000000000000004
1022542123500018830940000316741000000                         00000007786801000000DM 00000000000000000000 01062505220022690522                    100522000000000420010400970012505220000250000000000000000000000000000000000000000000000000000000000000000000000000004204000000000000400000000000000000000000000000000000000010000000000000          0006307307269100000000000000000000000000000000000000000005
9027563094SICOOB CREDIARA          R D BOSCO                                         Centro                        38183228Araxá                         MG210620220000000400000000113                                                                                                                                                                                                                    000006
