02RETORNO01COBRANÇA       30940000327964316741INOVA TECNOLOGIA DE INFORMACAO756 - BANCOOB S/A 2106220000548                                                                                                                                                                                                                                                                                               000001
1022542123500018830940000316741000000                         00000007893101000000DM 00000000000000000000 01060306220014950622                    100622000000000400010400970010306220000250000000000000000000000000000000000000000000000000000000000000000000000000004000000000000000000000000000000000000000000000000000000010000000000000          0000136752462800000000000000000000000000000000000000000002
1022542123500018830940000316741000000                         00000008086401000000DM 00000000000000000000 01060206220035830522                    170522000000000420075630940010206220000250000000000000000000000000000000000000000000000000000000000000000000000000004204000000000000400000000000000000000000000000000000000010000000000000          0001164956566600000000000000000000000000000000000000000003
1022542123500018830940000316741000000                         00000007703701000000DM 00000000000000000000 01060206220026740622                    100622000000000420010400970010206220000250000000000000000000000000000000000000000000000000000000000000000000000000004200000000000000000000000000000000000000000000000000000010000000000000          0000954360460600000000000000000000000000000000000000000004
1022542123500018830940000316741000000                         00000007905501000000DM 00000000000000000000 01060206220005190622                    100622000000000400010400970010206220000250000000000000000000000000000000000000000000000000000000000000000000000000004000000000000000000000000000000000000000000000000000000010000000000000          0007188477760000000000000000000000000000000000000000000005
1022542123500018830940000316741000000                         00000007869401000000DM 00000000000000000000 01060106220011610622                    100622000000000400010400970010106220000250000000000000000000000000000000000000000000000000000000000000000000000000004000000000000000000000000000000000000000000000000000000010000000000000          0004342743060000000000000000000000000000000000000000000006
9027563094SICOOB CREDIARA          R D BOSCO                                         Centro                        38183228Araxá                         MG210620220000000500000000113                                                                                                                                                                                                                    000007
