02RETORNO01COBRANÇA       30940000327964316741INOVA TECNOLOGIA DE INFORMACAO756 - BANCOOB S/A 2106220000550                                                                                                                                                                                                                                                                                               000001
1022542123500018830940000316741000000                         00000007765301000000DM 00000000000000000000 01061506220027000822                    100822000000000420010400970011506220000250000000000000000000000000000000000000000000000000000000000000000000000000004200000000000000000000000000000000000000000000000000000010000000000000          0000487456467400000000000000000000000000000000000000000002
1022542123500018830940000316741000000                         00000007965701000000DM 00000000000000000000 01061406220000410622                    100622000000000400010400970011406220000250000000000000000000000000000000000000000000000000000000000000000000000000004004000000000000400000000000000000000000000000000000000010000000000000          0000565324365500000000000000000000000000000000000000000003
1022542123500018830940000316741000000                         00000007857601000000DM 00000000000000000000 01061306220013890622                    100622000000000420010400970011306220000250000000000000000000000000000000000000000000000000000000000000000000000000004204000000000000400000000000000000000000000000000000000010000000000000          0000690262868800000000000000000000000000000000000000000004
1022542123500018830940000316741000000                         00000007667601000000DM 00000000000000000000 01061306220023040622                    100622000000000420010400970011306220000250000000000000000000000000000000000000000000000000000000000000000000000000004204000000000000400000000000000000000000000000000000000010000000000000          0004225353567200000000000000000000000000000000000000000005
1022542123500018830940000316741000000                         00000007953901000000DM 00000000000000000000 01061306220001140622                    100622000000000400010400970011306220000250000000000000000000000000000000000000000000000000000000000000000000000000004004000000000000400000000000000000000000000000000000000010000000000000          0004897155363400000000000000000000000000000000000000000006
1022542123500018830940000316741000000                         00000007856901000000DM 00000000000000000000 01061306220013890522                    100522000000000420010400970011306220000250000000000000000000000000000000000000000000000000000000000000000000000000004204000000000000400000000000000000000000000000000000000010000000000000          0000690262868800000000000000000000000000000000000000000007
9027563094SICOOB CREDIARA          R D BOSCO                                         Centro                        38183228Araxá                         MG210620220000000600000000113                                                                                                                                                                                                                    000008
