02RETORNO01COBRANÇA       30940000327964316741INOVA TECNOLOGIA DE INFORMACAO756 - BANCOOB S/A 2106220000549                                                                                                                                                                                                                                                                                               000001
1022542123500018830940000316741000000                         00000008118501000000DM 00000000000000000000 01061006221000280622                    100622000000000558010400970011006220000250000000000000000000000000000000000000000000000000000000000000000000000000005580000000000000000000000000000000000000000000000000000010000000000000          0581273600018800000000000000000000000000000000000000000002
1022542123500018830940000316741000000                         00000007715501000000DM 00000000000000000000 01061006220028150622                    100622000000000420010400970011006220000250000000000000000000000000000000000000000000000000000000000000000000000000004200000000000000000000000000000000000000000000000000000010000000000000          0001026372666500000000000000000000000000000000000000000003
1022542123500018830940000316741000000                         00000007739101000000DM 00000000000000000000 01061006220029010622                    100622000000000420010400970011006220000250000000000000000000000000000000000000000000000000000000000000000000000000004200000000000000000000000000000000000000000000000000000010000000000000          0002483652468700000000000000000000000000000000000000000004
1022542123500018830940000316741000000                         00000008115301000000DM 00000000000000000000 01061006221000100522                    100622000000000400075684530011006220000250000000000000000000000000000000000000000000000000000000000000000000000000004000000000000000000000000000000000000000000000000000000010000000000000          7097303700034300000000000000000000000000000000000000000005
1022542123500018830940000316741000000                         00000007977501000000DM 00000000000000000000 01061006220004160622                    100622000000000400008100010011006220000250000000000000000000000000000000000000000000000000000000000000000000000000004000000000000000000000000000000000000000000000000000000010000000000000          0009147587261500000000000000000000000000000000000000000006
1022542123500018830940000316741000000                         00000008114601000000DM 00000000000000000000 01061006221000070522                    100622000000000400075684530011006220000250000000000000000000000000000000000000000000000000000000000000000000000000004000000000000000000000000000000000000000000000000000000010000000000000          7097303700069600000000000000000000000000000000000000000007
1022542123500018830940000316741000000                         00000008116001000000DM 00000000000000000000 01061006221000150522                    100622000000000400075684530011006220000250000000000000000000000000000000000000000000000000000000000000000000000000004000000000000000000000000000000000000000000000000000000010000000000000          7097303700093900000000000000000000000000000000000000000008
1022542123500018830940000316741000000                         00000007917301000000DM 00000000000000000000 01060906220009010622                    100622000000000400010400970010906220000250000000000000000000000000000000000000000000000000000000000000000000000000004000000000000000000000000000000000000000000000000000000010000000000000          0009470166060400000000000000000000000000000000000000000009
1022542123500018830940000316741000000                         00000007096901000000DM 00000000000000000000 01090906220022821221                    101221000000000380075630940010906220000100000000000000000000000000000000000000000000000000000000000000000000000000003800000000000000000000000000000000000000000000000000000010000000000000          0007188059365300000000000000000000000000000000000000000010
1022542123500018830940000316741000000                         00000007108201000000DM 00000000000000000000 01090906220027131221                    101221000000000400075630940010906220000100000000000000000000000000000000000000000000000000000000000000000000000000004000000000000000000000000000000000000000000000000000000010000000000000          0009652261564900000000000000000000000000000000000000000011
1022542123500018830940000316741000000                         00000007132001000000DM 00000000000000000000 01090906220004271221                    101221000000000380075630940010906220000100000000000000000000000000000000000000000000000000000000000000000000000000003800000000000000000000000000000000000000000000000000000010000000000000          0000329979965700000000000000000000000000000000000000000012
1022542123500018830940000316741000000                         00000007180301000000DM 00000000000000000000 01090906220015981221                    101221000000000380075630940010906220000100000000000000000000000000000000000000000000000000000000000000000000000000003800000000000000000000000000000000000000000000000000000010000000000000          0007886934067800000000000000000000000000000000000000000013
1022542123500018830940000316741000000                         00000007228101000000DM 00000000000000000000 01090906220029631221                    101221000000000400075630940010906220000100000000000000000000000000000000000000000000000000000000000000000000000000004000000000000000000000000000000000000000000000000000000010000000000000          0000559499965500000000000000000000000000000000000000000014
1022542123500018830940000316741000000                         00000007288301000000DM 00000000000000000000 01090906220010211221                    101221000000000380075630940010906220000100000000000000000000000000000000000000000000000000000000000000000000000000003800000000000000000000000000000000000000000000000000000010000000000000          0007187518269100000000000000000000000000000000000000000015
1022542123500018830940000316741000000                         00000007324401000000DM 00000000000000000000 01090906220010921221                    101221000000000380075630940010906220000100000000000000000000000000000000000000000000000000000000000000000000000000003800000000000000000000000000000000000000000000000000000010000000000000          0007570230469100000000000000000000000000000000000000000016
1022542123500018830940000316741000000                         00000007396401000000DM 00000000000000000000 01090906220004911221                    101221000000000380075630940010906220000100000000000000000000000000000000000000000000000000000000000000000000000000003800000000000000000000000000000000000000000000000000000010000000000000          0002624052160400000000000000000000000000000000000000000017
1022542123500018830940000316741000000                         00000007408801000000DM 00000000000000000000 01090906220005931221                    101221000000000380075630940010906220000100000000000000000000000000000000000000000000000000000000000000000000000000003800000000000000000000000000000000000000000000000000000010000000000000          0003023575860400000000000000000000000000000000000000000018
1022542123500018830940000316741000000                         00000007420701000000DM 00000000000000000000 01090906220028811221                    101221000000000400075630940010906220000100000000000000000000000000000000000000000000000000000000000000000000000000004000000000000000000000000000000000000000000000000000000010000000000000          0002729612165300000000000000000000000000000000000000000019
1022542123500018830940000316741000000                         00000007443601000000DM 00000000000000000000 01090906220022631221                    101221000000000380075630940010906220000100000000000000000000000000000000000000000000000000000000000000000000000000003800000000000000000000000000000000000000000000000000000010000000000000          0002485828563400000000000000000000000000000000000000000020
1022542123500018830940000316741000000                         00000007455401000000DM 00000000000000000000 01090906220030851221                    101221000000000400075630940010906220000100000000000000000000000000000000000000000000000000000000000000000000000000004000000000000000000000000000000000000000000000000000000010000000000000          0000408716762300000000000000000000000000000000000000000021
1022542123500018830940000316741000000                         00000007499801000000DM 00000000000000000000 01090906220029711221                    101221000000000400075630940010906220000100000000000000000000000000000000000000000000000000000000000000000000000000004000000000000000000000000000000000000000000000000000000010000000000000          0002729840060600000000000000000000000000000000000000000022
1022542123500018830940000316741000000                         00000007584001000000DM 00000000000000000000 01090906221000071121                    101221000000000380075630940010906220000100000000000000000000000000000000000000000000000000000000000000000000000000003800000000000000000000000000000000000000000000000000000010000000000000          7097303700069600000000000000000000000000000000000000000023
1022542123500018830940000316741000000                         00000007587101000000DM 00000000000000000000 01090906221000181121                    101221000000001520075630940010906220000100000000000000000000000000000000000000000000000000000000000000000000000000015200000000000000000000000000000000000000000000000000000010000000000000          1823706600016500000000000000000000000000000000000000000024
1022542123500018830940000316741000000                         00000007589601000000DM 00000000000000000000 01090906221000251121                    101221000000000726075630940010906220000100000000000000000000000000000000000000000000000000000000000000000000000000007260000000000000000000000000000000000000000000000000000010000000000000          2604146700017300000000000000000000000000000000000000000025
1022542123500018830940000316741000000                         00000007833001000000DM 00000000000000000000 01060806220035800622                    100622000000000420010400970010806220000250000000000000000000000000000000000000000000000000000000000000000000000000004200000000000000000000000000000000000000000000000000000010000000000000          0008803228063400000000000000000000000000000000000000000026
1022542123500018830940000316741000000                         00000007941001000000DM 00000000000000000000 01060806220011030622                    100622000000000400010400970010806220000250000000000000000000000000000000000000000000000000000000000000000000000000004000000000000000000000000000000000000000000000000000000010000000000000          0008715135969100000000000000000000000000000000000000000027
1022542123500018830940000316741000000                         00000007643001000000DM 00000000000000000000 01060806220010200622                    100622000000000420010400970010806220000250000000000000000000000000000000000000000000000000000000000000000000000000004200000000000000000000000000000000000000000000000000000010000000000000          0003616071763400000000000000000000000000000000000000000028
1022542123500018830940000316741000000                         00000007607401000000DM 00000000000000000000 01060806220006480622                    100622000000000420010400970010806220000250000000000000000000000000000000000000000000000000000000000000000000000000004200000000000000000000000000000000000000000000000000000010000000000000          0001612677762000000000000000000000000000000000000000000029
1022542123500018830940000316741000000                         00000007989301000000DM 00000000000000000000 01060706220005350622                    100622000000000400075630940010706220000250000000000000000000000000000000000000000000000000000000000000000000000000004000000000000000000000000000000000000000000000000000000010000000000000          0000659773163800000000000000000000000000000000000000000030
1022542123500018830940000316741000000                         00000007691301000000DM 00000000000000000000 01060706220025270622                    100622000000000420010400970010706220000250000000000000000000000000000000000000000000000000000000000000000000000000004200000000000000000000000000000000000000000000000000000010000000000000          0000677178867900000000000000000000000000000000000000000031
1022542123500018830940000316741000000                         00000007619201000000DM 00000000000000000000 01060706220008470622                    100622000000000420010400970010706220000250000000000000000000000000000000000000000000000000000000000000000000000000004200000000000000000000000000000000000000000000000000000010000000000000          0000150671660100000000000000000000000000000000000000000032
1022542123500018830940000316741000000                         00000008117801000000DM 00000000000000000000 01060706221000250522                    100622000000001045010400970010706220000250000000000000000000000000000000000000000000000000000000000000000000000000010450000000000000000000000000000000000000000000000000000010000000000000          2604146700017300000000000000000000000000000000000000000033
9027563094SICOOB CREDIARA          R D BOSCO                                         Centro                        38183228Araxá                         MG210620220000003200000000113                                                                                                                                                                                                                    000034
