02RETORNO01COBRANÇA       30940000327964316741INOVA TECNOLOGIA DE INFORMACAO756 - BANCOOB S/A 2106220000551                                                                                                                                                                                                                                                                                               000001
1022542123500018830940000316741000000                         00000007630401000000DM 00000000000000000000 01062006220010140722                    100722000000000420010400970012006220000250000000000000000000000000000000000000000000000000000000000000000000000000004200000000000000000000000000000000000000000000000000000010000000000000          0005764752663400000000000000000000000000000000000000000002
9027563094SICOOB CREDIARA          R D BOSCO                                         Centro                        38183228Araxá                         MG210620220000000100000000113                                                                                                                                                                                                                    000003
