02RETORNO01COBRANÇA       30940000327964316741J REZENDE                     756 - BANCOOB S/A 2608210000489                                                                                                                                                                                                                                                                                               000001
1022542123500018830940000316741000000                         00000006918101000000DM 00000000000000000000 01091008210004530221                    100221000000000400075630940011008210000100000000000000000000000000000000000000000000000000000000000000000000000000004000000000000000000000000000000000000000000000000000000010000000000000          0000786278560600000000000000000000000000000000000000000002
1022542123500018830940000316741000000                         00000007086501000000DM 00000000000000000000 01091008210022820221                    100221000000000380075630940011008210000100000000000000000000000000000000000000000000000000000000000000000000000000003800000000000000000000000000000000000000000000000000000010000000000000          0007188059365300000000000000000000000000000000000000000003
1022542123500018830940000316741000000                         00000007122601000000DM 00000000000000000000 01091008210004270221                    100221000000000380075630940011008210000100000000000000000000000000000000000000000000000000000000000000000000000000003800000000000000000000000000000000000000000000000000000010000000000000          0000329979965700000000000000000000000000000000000000000004
1022542123500018830940000316741000000                         00000007170001000000DM 00000000000000000000 01091008210015980221                    100221000000000380075630940011008210000100000000000000000000000000000000000000000000000000000000000000000000000000003800000000000000000000000000000000000000000000000000000010000000000000          0007886934067800000000000000000000000000000000000000000005
1022542123500018830940000316741000000                         00000007194601000000DM 00000000000000000000 01091008210008690221                    100221000000000380075630940011008210000100000000000000000000000000000000000000000000000000000000000000000000000000003800000000000000000000000000000000000000000000000000000010000000000000          0000027442861000000000000000000000000000000000000000000006
1022542123500018830940000316741000000                         00000007218801000000DM 00000000000000000000 01091008210029630221                    100221000000000400075630940011008210000100000000000000000000000000000000000000000000000000000000000000000000000000004000000000000000000000000000000000000000000000000000000010000000000000          0000559499965500000000000000000000000000000000000000000007
1022542123500018830940000316741000000                         00000007242501000000DM 00000000000000000000 01091008210005450221                    100221000000000380075630940011008210000100000000000000000000000000000000000000000000000000000000000000000000000000003800000000000000000000000000000000000000000000000000000010000000000000          0003013578866800000000000000000000000000000000000000000008
1022542123500018830940000316741000000                         00000007278001000000DM 00000000000000000000 01091008210010210221                    100221000000000380075630940011008210000100000000000000000000000000000000000000000000000000000000000000000000000000003800000000000000000000000000000000000000000000000000000010000000000000          0007187518269100000000000000000000000000000000000000000009
1022542123500018830940000316741000000                         00000007314001000000DM 00000000000000000000 01091008210010920221                    100221000000000380075630940011008210000100000000000000000000000000000000000000000000000000000000000000000000000000003800000000000000000000000000000000000000000000000000000010000000000000          0007570230469100000000000000000000000000000000000000000010
1022542123500018830940000316741000000                         00000007386001000000DM 00000000000000000000 01091008210004910221                    100221000000000380075630940011008210000100000000000000000000000000000000000000000000000000000000000000000000000000003800000000000000000000000000000000000000000000000000000010000000000000          0002624052160400000000000000000000000000000000000000000011
1022542123500018830940000316741000000                         00000007410301000000DM 00000000000000000000 01091008210028810221                    100221000000000400075630940011008210000100000000000000000000000000000000000000000000000000000000000000000000000000004000000000000000000000000000000000000000000000000000000010000000000000          0002729612165300000000000000000000000000000000000000000012
1022542123500018830940000316741000000                         00000007564201000000DM 00000000000000000000 01061008211000280821                    100821000000000777013657310011008210000250000000000000000000000000000000000000000000000000000000000000000000000000007770000000000000000000000000000000000000000000000000000010000000000000          0581273600018800000000000000000000000000000000000000000013
1022542123500018830940000316741000000                         00000007428501000000DM 00000000000000000000 01061008210005350821                    100821000000000380010400970011008210000250000000000000000000000000000000000000000000000000000000000000000000000000003800000000000000000000000000000000000000000000000000000010000000000000          0000659773163800000000000000000000000000000000000000000014
1022542123500018830940000316741000000                         00000007380701000000DM 00000000000000000000 01061008210028160821                    100821000000000400010400970011008210000250000000000000000000000000000000000000000000000000000000000000000000000000004000000000000000000000000000000000000000000000000000000010000000000000          0008257197068200000000000000000000000000000000000000000015
1022542123500018830940000316741000000                         00000006960101000000DM 00000000000000000000 01061008210025270821                    100821000000000400010400970011008210000250000000000000000000000000000000000000000000000000000000000000000000000000004000000000000000000000000000000000000000000000000000000010000000000000          0000677178867900000000000000000000000000000000000000000016
1022542123500018830940000316741000000                         00000007356001000000DM 00000000000000000000 01061008210000410821                    100821000000000380010400970011008210000250000000000000000000000000000000000000000000000000000000000000000000000000003800000000000000000000000000000000000000000000000000000010000000000000          0000565324365500000000000000000000000000000000000000000017
1022542123500018830940000316741000000                         00000007008001000000DM 00000000000000000000 01060608210016360821                    100821000000000400010400970010608210000250000000000000000000000000000000000000000000000000000000000000000000000000004000000000000000000000000000000000000000000000000000000010000000000000          0004340692069100000000000000000000000000000000000000000018
1022542123500018830940000316741000000                         00000007164501000000DM 00000000000000000000 01060608210008470821                    100821000000000400010400970010608210000250000000000000000000000000000000000000000000000000000000000000000000000000004000000000000000000000000000000000000000000000000000000010000000000000          0000150671660100000000000000000000000000000000000000000019
1022542123500018830940000316741000000                         00000007056401000000DM 00000000000000000000 01060908210014700821                    100821000000000380010400970010908210000250000000000000000000000000000000000000000000000000000000000000000000000000003800000000000000000000000000000000000000000000000000000010000000000000          0008318973461500000000000000000000000000000000000000000020
1022542123500018830940000316741000000                         00000007140901000000DM 00000000000000000000 01061008210023040821                    100821000000000400010400970011008210000250000000000000000000000000000000000000000000000000000000000000000000000000004000000000000000000000000000000000000000000000000000000010000000000000          0004225353567200000000000000000000000000000000000000000021
1022542123500018830940000316741000000                         00000007333001000000DM 00000000000000000000 01061008210001140921                    100921000000000380010400970011008210000250000000000000000000000000000000000000000000000000000000000000000000000000003800000000000000000000000000000000000000000000000000000010000000000000          0004897155363400000000000000000000000000000000000000000022
1022542123500018830940000316741000000                         00000007344101000000DM 00000000000000000000 01061008210028150821                    100821000000000400010400970011008210000250000000000000000000000000000000000000000000000000000000000000000000000000004000000000000000000000000000000000000000000000000000000010000000000000          0001026372666500000000000000000000000000000000000000000023
1022542123500018830940000316741000000                         00000007116101000000DM 00000000000000000000 01061008210011030821                    100821000000000380063300010011008210000250000000000000000000000000000000000000000000000000000000000000000000000000003800000000000000000000000000000000000000000000000000000010000000000000          0008715135969100000000000000000000000000000000000000000024
1022542123500018830940000316741000000                         00000007563501000000DM 00000000000000000000 01061008211000150721                    100821000000000380075684530011008210000250000000000000000000000000000000000000000000000000000000000000000000000000003800000000000000000000000000000000000000000000000000000010000000000000          7097303700093900000000000000000000000000000000000000000025
1022542123500018830940000316741000000                         00000007560301000000DM 00000000000000000000 01061008211000070721                    100821000000000380075684530011008210000250000000000000000000000000000000000000000000000000000000000000000000000000003800000000000000000000000000000000000000000000000000000010000000000000          7097303700069600000000000000000000000000000000000000000026
1022542123500018830940000316741000000                         00000007562801000000DM 00000000000000000000 01061008211000100721                    100821000000000760075684530011008210000250000000000000000000000000000000000000000000000000000000000000000000000000007600000000000000000000000000000000000000000000000000000010000000000000          7097303700034300000000000000000000000000000000000000000027
1022542123500018830940000316741000000                         00000007367001000000DM 00000000000000000000 01061008210004160721                    100721000000000380063300010011008210000250000000000000000000000000000000000000000000000000000000000000000000000000003803000000000000300000000000000000000000000000000000000010000000000000          0009147587261500000000000000000000000000000000000000000028
1022542123500018830940000316741000000                         00000006948201000000DM 00000000000000000000 01060608210014950821                    100821000000000380010400970010608210000250000000000000000000000000000000000000000000000000000000000000000000000000003800000000000000000000000000000000000000000000000000000010000000000000          0000136752462800000000000000000000000000000000000000000029
1022542123500018830940000316741000000                         00000007032801000000DM 00000000000000000000 01060908210009010821                    100821000000000380010400970010908210000250000000000000000000000000000000000000000000000000000000000000000000000000003800000000000000000000000000000000000000000000000000000010000000000000          0009470166060400000000000000000000000000000000000000000030
1022542123500018830940000316741000000                         00000006984801000000DM 00000000000000000000 01060908210010200821                    100821000000000400010400970010908210000250000000000000000000000000000000000000000000000000000000000000000000000000004000000000000000000000000000000000000000000000000000000010000000000000          0003616071763400000000000000000000000000000000000000000031
1022542123500018830940000316741000000                         00000006912801000000DM 00000000000000000000 01060908210005190821                    100821000000000380010400970010908210000250000000000000000000000000000000000000000000000000000000000000000000000000003800000000000000000000000000000000000000000000000000000010000000000000          0007188477760000000000000000000000000000000000000000000032
1022542123500018830940000316741000000                         00000007235301000000DM 00000000000000000000 01061008210022690721                    100721000000000400010400970011008210000250000000000000000000000000000000000000000000000000000000000000000000000000004004000000000000400000000000000000000000000000000000000010000000000000          0006307307269100000000000000000000000000000000000000000033
1022542123500018830940000316741000000                         00000007308601000000DM 00000000000000000000 01061008210029010821                    100821000000000400010400970011008210000250000000000000000000000000000000000000000000000000000000000000000000000000004000000000000000000000000000000000000000000000000000000010000000000000          0002483652468700000000000000000000000000000000000000000034
1022542123500018830940000316741000000                         00000007489401000000DM 00000000000000000000 01091008210029710221                    100221000000000400075630940011008210000100000000000000000000000000000000000000000000000000000000000000000000000000004000000000000000000000000000000000000000000000000000000010000000000000          0002729840060600000000000000000000000000000000000000000035
1022542123500018830940000316741000000                         00000007445001000000DM 00000000000000000000 01091008210030850221                    100221000000000400075630940011008210000100000000000000000000000000000000000000000000000000000000000000000000000000004000000000000000000000000000000000000000000000000000000010000000000000          0000408716762300000000000000000000000000000000000000000036
1022542123500018830940000316741000000                         00000007433201000000DM 00000000000000000000 01091008210022630221                    100221000000000380075630940011008210000100000000000000000000000000000000000000000000000000000000000000000000000000003800000000000000000000000000000000000000000000000000000010000000000000          0002485828563400000000000000000000000000000000000000000037
9027563094SICOOB CREDIARA          R D BOSCO                                         Centro                        38183228Araxá                         MG260820210000003600000000113                                                                                                                                                                                                                    000038
