02RETORNO01COBRANÇA       30940000327964316741J REZENDE                     756 - BANCOOB S/A 2608210000490                                                                                                                                                                                                                                                                                               000001
1022542123500018830940000316741000000                         00000007200601000000DM 00000000000000000000 01061308210008690821                    100821000000000380010400970011308210000250000000000000000000000000000000000000000000000000000000000000000000000000003803000000000000300000000000000000000000000000000000000010000000000000          0000027442861000000000000000000000000000000000000000000002
1022542123500018830940000316741000000                         00000007079301000000DM 00000000000000000000 01061108210027000721                    100721000000000400010400970011108210000250000000000000000000000000000000000000000000000000000000000000000000000000004004000000000000400000000000000000000000000000000000000010000000000000          0000487456467400000000000000000000000000000000000000000003
9027563094SICOOB CREDIARA          R D BOSCO                                         Centro                        38183228Araxá                         MG260820210000000200000000113                                                                                                                                                                                                                    000004
