02RETORNO01COBRANÇA       30940000327964316741J REZENDE                     756 - BANCOOB S/A 2608210000487                                                                                                                                                                                                                                                                                               000001
1022542123500018830940000316741000000                         00000007163801000000DM 00000000000000000000 01063007210008470721                    100721000000000400010400970013007210000250000000000000000000000000000000000000000000000000000000000000000000000000004004000000000000400000000000000000000000000000000000000010000000000000          0000150671660100000000000000000000000000000000000000000002
9027563094SICOOB CREDIARA          R D BOSCO                                         Centro                        38183228Araxá                         MG260820210000000100000000113                                                                                                                                                                                                                    000003
