02RETORNO01COBRANÇA       30940000327964316741J REZENDE                     756 - BANCOOB S/A 2608210000491                                                                                                                                                                                                                                                                                               000001
1022542123500018830940000316741000000                         00000007213101000000DM 00000000000000000000 01061708210010140921                    100921000000000400075640790011708210000250000000000000000000000000000000000000000000000000000000000000000000000000004000000000000000000000000000000000000000000000000000000010000000000000          0005764752663400000000000000000000000000000000000000000002
9027563094SICOOB CREDIARA          R D BOSCO                                         Centro                        38183228Araxá                         MG260820210000000100000000113                                                                                                                                                                                                                    000003
