02RETORNO01COBRANÇA       30940000327964316741J REZENDE                     756 - BANCOOB S/A 2608210000488                                                                                                                                                                                                                                                                                               000001
1022542123500018830940000316741000000                         00000007548401000000DM 00000000000000000000 01060508210035800821                    100821000000000400010400970010508210000250000000000000000000000000000000000000000000000000000000000000000000000000004000000000000000000000000000000000000000000000000000000010000000000000          0008803228063400000000000000000000000000000000000000000002
1022542123500018830940000316741000000                         00000006864901000000DM 00000000000000000000 01060408210014580821                    100821000000000380010400970010408210000250000000000000000000000000000000000000000000000000000000000000000000000000003800000000000000000000000000000000000000000000000000000010000000000000          0002361630010000000000000000000000000000000000000000000003
1022542123500018830940000316741000000                         00000007561001000000DM 00000000000000000000 01060408211000250721                    100821000000000895010400970010408210000250000000000000000000000000000000000000000000000000000000000000000000000000008950000000000000000000000000000000000000000000000000000010000000000000          2604146700017300000000000000000000000000000000000000000004
1022542123500018830940000316741000000                         00000007068201000000DM 00000000000000000000 01060308210030690821                    100821000000000400075630940010308210000250000000000000000000000000000000000000000000000000000000000000000000000000004000000000000000000000000000000000000000000000000000000010000000000000          0006037461660400000000000000000000000000000000000000000005
1022542123500018830940000316741000000                         00000006900001000000DM 00000000000000000000 01060308210011610821                    100821000000000380010400970010308210000250000000000000000000000000000000000000000000000000000000000000000000000000003800000000000000000000000000000000000000000000000000000010000000000000          0004342743060000000000000000000000000000000000000000000006
1022542123500018830940000316741000000                         00000007296201000000DM 00000000000000000000 01060308210006480821                    100821000000000400010400970010308210000250000000000000000000000000000000000000000000000000000000000000000000000000004000000000000000000000000000000000000000000000000000000010000000000000          0001612677762000000000000000000000000000000000000000000007
1022542123500018830940000316741000000                         00000006876701000000DM 00000000000000000000 01060208210026740821                    100821000000000400010400970010208210000250000000000000000000000000000000000000000000000000000000000000000000000000004000000000000000000000000000000000000000000000000000000010000000000000          0000954360460600000000000000000000000000000000000000000008
1022542123500018830940000316741000000                         00000007510501000000DM 00000000000000000000 01060208210035750721                    100721000000000400010400970010208210000250000000000000000000000000000000000000000000000000000000000000000000000000004004000000000000400000000000000000000000000000000000000010000000000000          0000188321888800000000000000000000000000000000000000000009
1022542123500018830940000316741000000                         00000007511201000000DM 00000000000000000000 01060208210035750821                    100821000000000400010400970010208210000250000000000000000000000000000000000000000000000000000000000000000000000000004000000000000000000000000000000000000000000000000000000010000000000000          0000188321888800000000000000000000000000000000000000000010
1022542123500018830940000316741000000                         00000007478301000000DM 00000000000000000000 01060208210028820821                    100821000000000400010400970010208210000250000000000000000000000000000000000000000000000000000000000000000000000000004000000000000000000000000000000000000000000000000000000010000000000000          0008182941865300000000000000000000000000000000000000000011
1022542123500018830940000316741000000                         00000007259001000000DM 00000000000000000000 01060208210013890721                    280721000000000380010400970010208210000250000000000000000000000000000000000000000000000000000000000000000000000000003803000000000000300000000000000000000000000000000000000010000000000000          0000690262868800000000000000000000000000000000000000000012
9027563094SICOOB CREDIARA          R D BOSCO                                         Centro                        38183228Araxá                         MG260820210000001100000000113                                                                                                                                                                                                                    000013
