02RETORNO01COBRANÇA       30940000327964316741J REZENDE                     756 - BANCOOB S/A 2709210000497                                                                                                                                                                                                                                                                                               000001
1022542123500018830940000316741000000                         00000007154101000000DM 00000000000000000000 01062009210002361021                    101021000000000400010400970012009210000250000000000000000000000000000000000000000000000000000000000000000000000000004000000000000000000000000000000000000000000000000000000010000000000000          0000569370264200000000000000000000000000000000000000000002
9027563094SICOOB CREDIARA          R D BOSCO                                         Centro                        38183228Araxá                         MG270920210000000100000000113                                                                                                                                                                                                                    000003
