02RETORNO01COBRANÇA       30940000327964316741J REZENDE                     756 - BANCOOB S/A 1309210000495                                                                                                                                                                                                                                                                                               000001
1022542123500018830940000316741000000                         00000007033501000000DM 00000000000000000000 01061009210009010921                    100921000000000380010400970011009210000250000000000000000000000000000000000000000000000000000000000000000000000000003800000000000000000000000000000000000000000000000000000010000000000000          0009470166060400000000000000000000000000000000000000000002
1022542123500018830940000316741000000                         00000007271901000000DM 00000000000000000000 01061009210010480721                    100721000000000400010400970011009210000250000000000000000000000000000000000000000000000000000000000000000000000000004004000000000000400000000000000000000000000000000000000010000000000000          0000027554260200000000000000000000000000000000000000000003
1022542123500018830940000316741000000                         00000007309301000000DM 00000000000000000000 01061009210029010921                    100921000000000400010400970011009210000250000000000000000000000000000000000000000000000000000000000000000000000000004000000000000000000000000000000000000000000000000000000010000000000000          0002483652468700000000000000000000000000000000000000000004
1022542123500018830940000316741000000                         00000007568101000000DM 00000000000000000000 01061009211000150821                    100921000000000380075684530011009210000250000000000000000000000000000000000000000000000000000000000000000000000000003800000000000000000000000000000000000000000000000000000010000000000000          7097303700093900000000000000000000000000000000000000000005
1022542123500018830940000316741000000                         00000007566701000000DM 00000000000000000000 01061009211000070821                    100921000000000380075684530011009210000250000000000000000000000000000000000000000000000000000000000000000000000000003800000000000000000000000000000000000000000000000000000010000000000000          7097303700069600000000000000000000000000000000000000000006
1022542123500018830940000316741000000                         00000007571401000000DM 00000000000000000000 01061009211000280921                    100921000000000777013657310011009210000250000000000000000000000000000000000000000000000000000000000000000000000000007770000000000000000000000000000000000000000000000000000010000000000000          0581273600018800000000000000000000000000000000000000000007
1022542123500018830940000316741000000                         00000007567401000000DM 00000000000000000000 01061009211000100821                    100921000000000760075684530011009210000250000000000000000000000000000000000000000000000000000000000000000000000000007600000000000000000000000000000000000000000000000000000010000000000000          7097303700034300000000000000000000000000000000000000000008
1022542123500018830940000316741000000                         00000007069001000000DM 00000000000000000000 01061009210030690921                    100921000000000400075630940011009210000250000000000000000000000000000000000000000000000000000000000000000000000000004000000000000000000000000000000000000000000000000000000010000000000000          0006037461660400000000000000000000000000000000000000000009
1022542123500018830940000316741000000                         00000007045301000000DM 00000000000000000000 01061009210004140921                    100921000000000400003334670011009210000250000000000000000000000000000000000000000000000000000000000000000000000000004000000000000000000000000000000000000000000000000000000010000000000000          0000303613564200000000000000000000000000000000000000000010
1022542123500018830940000316741000000                         00000007345901000000DM 00000000000000000000 01061009210028150921                    100921000000000400010400970011009210000250000000000000000000000000000000000000000000000000000000000000000000000000004000000000000000000000000000000000000000000000000000000010000000000000          0001026372666500000000000000000000000000000000000000000011
1022542123500018830940000316741000000                         00000007381401000000DM 00000000000000000000 01061009210028160921                    100921000000000400010400970011009210000250000000000000000000000000000000000000000000000000000000000000000000000000004000000000000000000000000000000000000000000000000000000010000000000000          0008257197068200000000000000000000000000000000000000000012
1022542123500018830940000316741000000                         00000007057101000000DM 00000000000000000000 01061009210014700921                    100921000000000380010400970011009210000250000000000000000000000000000000000000000000000000000000000000000000000000003800000000000000000000000000000000000000000000000000000010000000000000          0008318973461500000000000000000000000000000000000000000013
1022542123500018830940000316741000000                         00000007165201000000DM 00000000000000000000 01061009210008470921                    100921000000000400010400970011009210000250000000000000000000000000000000000000000000000000000000000000000000000000004000000000000000000000000000000000000000000000000000000010000000000000          0000150671660100000000000000000000000000000000000000000014
1022542123500018830940000316741000000                         00000007260801000000DM 00000000000000000000 01060909210013890821                    280821000000000380010400970010909210000250000000000000000000000000000000000000000000000000000000000000000000000000003803000000000000300000000000000000000000000000000000000010000000000000          0000690262868800000000000000000000000000000000000000000015
1022542123500018830940000316741000000                         00000007177001000000DM 00000000000000000000 01060909210015980921                    100921000000000380010400970010909210000250000000000000000000000000000000000000000000000000000000000000000000000000003800000000000000000000000000000000000000000000000000000010000000000000          0007886934067800000000000000000000000000000000000000000016
1022542123500018830940000316741000000                         00000007549101000000DM 00000000000000000000 01060909210035800921                    100921000000000400010400970010909210000250000000000000000000000000000000000000000000000000000000000000000000000000004000000000000000000000000000000000000000000000000000000010000000000000          0008803228063400000000000000000000000000000000000000000017
1022542123500018830940000316741000000                         00000007334801000000DM 00000000000000000000 01060909210001141021                    101021000000000380010400970010909210000250000000000000000000000000000000000000000000000000000000000000000000000000003800000000000000000000000000000000000000000000000000000010000000000000          0004897155363400000000000000000000000000000000000000000018
1022542123500018830940000316741000000                         00000006961901000000DM 00000000000000000000 01060909210025270921                    100921000000000400010400970010909210000250000000000000000000000000000000000000000000000000000000000000000000000000004000000000000000000000000000000000000000000000000000000010000000000000          0000677178867900000000000000000000000000000000000000000019
1022542123500018830940000316741000000                         00000006913501000000DM 00000000000000000000 01060909210005190921                    100921000000000380010400970010909210000250000000000000000000000000000000000000000000000000000000000000000000000000003800000000000000000000000000000000000000000000000000000010000000000000          0007188477760000000000000000000000000000000000000000000020
1022542123500018830940000316741000000                         00000006986201000000DM 00000000000000000000 01060909210010201021                    101021000000000400010400970010909210000250000000000000000000000000000000000000000000000000000000000000000000000000004000000000000000000000000000000000000000000000000000000010000000000000          0003616071763400000000000000000000000000000000000000000021
1022542123500018830940000316741000000                         00000007297001000000DM 00000000000000000000 01060809210006480921                    100921000000000400010400970010809210000250000000000000000000000000000000000000000000000000000000000000000000000000004000000000000000000000000000000000000000000000000000000010000000000000          0001612677762000000000000000000000000000000000000000000022
1022542123500018830940000316741000000                         00000007357701000000DM 00000000000000000000 01060809210000410921                    100921000000000380010400970010809210000250000000000000000000000000000000000000000000000000000000000000000000000000003800000000000000000000000000000000000000000000000000000010000000000000          0000565324365500000000000000000000000000000000000000000023
1022542123500018830940000316741000000                         00000006973701000000DM 00000000000000000000 01060809210017950921                    100921000000000380010400970010809210000250000000000000000000000000000000000000000000000000000000000000000000000000003800000000000000000000000000000000000000000000000000000010000000000000          0000027258068600000000000000000000000000000000000000000024
1022542123500018830940000316741000000                         00000007021701000000DM 00000000000000000000 01060809210024530921                    100921000000000400010400970010809210000250000000000000000000000000000000000000000000000000000000000000000000000000004000000000000000000000000000000000000000000000000000000010000000000000          0003607094764900000000000000000000000000000000000000000025
1022542123500018830940000316741000000                         00000007570701000000DM 00000000000000000000 01060809211000250821                    100921000000000895010400970010809210000250000000000000000000000000000000000000000000000000000000000000000000000000008950000000000000000000000000000000000000000000000000000010000000000000          2604146700017300000000000000000000000000000000000000000026
1022542123500018830940000316741000000                         00000006919901000000DM 00000000000000000000 01090809210004530321                    100321000000000400075630940010809210000100000000000000000000000000000000000000000000000000000000000000000000000000004000000000000000000000000000000000000000000000000000000010000000000000          0000786278560600000000000000000000000000000000000000000027
1022542123500018830940000316741000000                         00000007087201000000DM 00000000000000000000 01090809210022820321                    100321000000000380075630940010809210000100000000000000000000000000000000000000000000000000000000000000000000000000003800000000000000000000000000000000000000000000000000000010000000000000          0007188059365300000000000000000000000000000000000000000028
1022542123500018830940000316741000000                         00000007123301000000DM 00000000000000000000 01090809210004270321                    100321000000000380075630940010809210000100000000000000000000000000000000000000000000000000000000000000000000000000003800000000000000000000000000000000000000000000000000000010000000000000          0000329979965700000000000000000000000000000000000000000029
1022542123500018830940000316741000000                         00000007171701000000DM 00000000000000000000 01090809210015980321                    100321000000000380075630940010809210000100000000000000000000000000000000000000000000000000000000000000000000000000003800000000000000000000000000000000000000000000000000000010000000000000          0007886934067800000000000000000000000000000000000000000030
1022542123500018830940000316741000000                         00000007195301000000DM 00000000000000000000 01090809210008690321                    100321000000000380075630940010809210000100000000000000000000000000000000000000000000000000000000000000000000000000003800000000000000000000000000000000000000000000000000000010000000000000          0000027442861000000000000000000000000000000000000000000031
1022542123500018830940000316741000000                         00000007219501000000DM 00000000000000000000 01090809210029630321                    100321000000000400075630940010809210000100000000000000000000000000000000000000000000000000000000000000000000000000004000000000000000000000000000000000000000000000000000000010000000000000          0000559499965500000000000000000000000000000000000000000032
1022542123500018830940000316741000000                         00000007279701000000DM 00000000000000000000 01090809210010210321                    100321000000000380075630940010809210000100000000000000000000000000000000000000000000000000000000000000000000000000003800000000000000000000000000000000000000000000000000000010000000000000          0007187518269100000000000000000000000000000000000000000033
1022542123500018830940000316741000000                         00000007315801000000DM 00000000000000000000 01090809210010920321                    100321000000000380075630940010809210000100000000000000000000000000000000000000000000000000000000000000000000000000003800000000000000000000000000000000000000000000000000000010000000000000          0007570230469100000000000000000000000000000000000000000034
1022542123500018830940000316741000000                         00000007387801000000DM 00000000000000000000 01090809210004910321                    100321000000000380075630940010809210000100000000000000000000000000000000000000000000000000000000000000000000000000003800000000000000000000000000000000000000000000000000000010000000000000          0002624052160400000000000000000000000000000000000000000035
1022542123500018830940000316741000000                         00000007411001000000DM 00000000000000000000 01090809210028810321                    100321000000000400075630940010809210000100000000000000000000000000000000000000000000000000000000000000000000000000004000000000000000000000000000000000000000000000000000000010000000000000          0002729612165300000000000000000000000000000000000000000036
1022542123500018830940000316741000000                         00000007434001000000DM 00000000000000000000 01090809210022630321                    100321000000000380075630940010809210000100000000000000000000000000000000000000000000000000000000000000000000000000003800000000000000000000000000000000000000000000000000000010000000000000          0002485828563400000000000000000000000000000000000000000037
1022542123500018830940000316741000000                         00000007446801000000DM 00000000000000000000 01090809210030850321                    100321000000000400075630940010809210000100000000000000000000000000000000000000000000000000000000000000000000000000004000000000000000000000000000000000000000000000000000000010000000000000          0000408716762300000000000000000000000000000000000000000038
1022542123500018830940000316741000000                         00000007490201000000DM 00000000000000000000 01090809210029710321                    100321000000000400075630940010809210000100000000000000000000000000000000000000000000000000000000000000000000000000004000000000000000000000000000000000000000000000000000000010000000000000          0002729840060600000000000000000000000000000000000000000039
1022542123500018830940000316741000000                         00000006949001000000DM 00000000000000000000 01060609210014950921                    100921000000000380010400970010609210000250000000000000000000000000000000000000000000000000000000000000000000000000003800000000000000000000000000000000000000000000000000000010000000000000          0000136752462800000000000000000000000000000000000000000040
9027563094SICOOB CREDIARA          R D BOSCO                                         Centro                        38183228Araxá                         MG130920210000003900000000113                                                                                                                                                                                                                    000041
