02RETORNO01COBRANÇA       30940000327964316741J REZENDE                     756 - BANCOOB S/A 1309210000493                                                                                                                                                                                                                                                                                               000001
1022542123500018830940000316741000000                         00000007429201000000DM 00000000000000000000 01063108210005350921                    100921000000000380010400970013108210000250000000000000000000000000000000000000000000000000000000000000000000000000003800000000000000000000000000000000000000000000000000000010000000000000          0000659773163800000000000000000000000000000000000000000002
1022542123500018830940000316741000000                         00000007236001000000DM 00000000000000000000 01063008210022690821                    100821000000000400010400970013008210000250000000000000000000000000000000000000000000000000000000000000000000000000004004000000000000400000000000000000000000000000000000000010000000000000          0006307307269100000000000000000000000000000000000000000003
1022542123500018830940000316741000000                         00000007248901000000DM 00000000000000000000 01062708210005450821                    100821000000000380010400970012708210000250000000000000000000000000000000000000000000000000000000000000000000000000003803000000000000300000000000000000000000000000000000000010000000000000          0003013578866800000000000000000000000000000000000000000004
9027563094SICOOB CREDIARA          R D BOSCO                                         Centro                        38183228Araxá                         MG130920210000000300000000113                                                                                                                                                                                                                    000005
