02RETORNO01COBRANÇA       30940000327964316741J REZENDE                     756 - BANCOOB S/A 1309210000494                                                                                                                                                                                                                                                                                               000001
1022542123500018830940000316741000000                         00000007009801000000DM 00000000000000000000 01060309210016360921                    100921000000000400010400970010309210000250000000000000000000000000000000000000000000000000000000000000000000000000004000000000000000000000000000000000000000000000000000000010000000000000          0004340692069100000000000000000000000000000000000000000002
1022542123500018830940000316741000000                         00000007479001000000DM 00000000000000000000 01060209210028820921                    100921000000000400010400970010209210000250000000000000000000000000000000000000000000000000000000000000000000000000004000000000000000000000000000000000000000000000000000000010000000000000          0008182941865300000000000000000000000000000000000000000003
1022542123500018830940000316741000000                         00000006865601000000DM 00000000000000000000 01060109210014580921                    100921000000000380010400970010109210000250000000000000000000000000000000000000000000000000000000000000000000000000003800000000000000000000000000000000000000000000000000000010000000000000          0002361630010000000000000000000000000000000000000000000004
1022542123500018830940000316741000000                         00000006877401000000DM 00000000000000000000 01060109210026740921                    100921000000000400010400970010109210000250000000000000000000000000000000000000000000000000000000000000000000000000004000000000000000000000000000000000000000000000000000000010000000000000          0000954360460600000000000000000000000000000000000000000005
1022542123500018830940000316741000000                         00000006901701000000DM 00000000000000000000 01060109210011610921                    100921000000000380010400970010109210000250000000000000000000000000000000000000000000000000000000000000000000000000003800000000000000000000000000000000000000000000000000000010000000000000          0004342743060000000000000000000000000000000000000000000006
9027563094SICOOB CREDIARA          R D BOSCO                                         Centro                        38183228Araxá                         MG130920210000000500000000113                                                                                                                                                                                                                    000007
