02RETORNO01COBRANÇA       30940000327964316741INOVA TECNOLOGIA DE INFORMACAO756 - BANCOOB S/A 2112210000511                                                                                                                                                                                                                                                                                               000001
1022542123500018830940000316741000000                         00000007300801000000DM 00000000000000000000 01060912210006481221                    101221000000000400010400970010912210000250000000000000000000000000000000000000000000000000000000000000000000000000004000000000000000000000000000000000000000000000000000000010000000000000          0001612677762000000000000000000000000000000000000000000002
1022542123500018830940000316741000000                         00000006988701000000DM 00000000000000000000 01060912210010201221                    101221000000000400010400970010912210000250000000000000000000000000000000000000000000000000000000000000000000000000004000000000000000000000000000000000000000000000000000000010000000000000          0003616071763400000000000000000000000000000000000000000003
1022542123500018830940000316741000000                         00000007012001000000DM 00000000000000000000 01060812210016361221                    101221000000000400010400970010812210000250000000000000000000000000000000000000000000000000000000000000000000000000004000000000000000000000000000000000000000000000000000000010000000000000          0004340692069100000000000000000000000000000000000000000004
1022542123500018830940000316741000000                         00000007144801000000DM 00000000000000000000 01060812210023041221                    101221000000000400010400970010812210000250000000000000000000000000000000000000000000000000000000000000000000000000004000000000000000000000000000000000000000000000000000000010000000000000          0004225353567200000000000000000000000000000000000000000005
1022542123500018830940000316741000000                         00000007023101000000DM 00000000000000000000 01060812210024531121                    101121000000000400010400970010812210000250000000000000000000000000000000000000000000000000000000000000000000000000004004000000000000400000000000000000000000000000000000000010000000000000          0003607094764900000000000000000000000000000000000000000006
1022542123500018830940000316741000000                         00000007036701000000DM 00000000000000000000 01060812210009011221                    101221000000000380010400970010812210000250000000000000000000000000000000000000000000000000000000000000000000000000003800000000000000000000000000000000000000000000000000000010000000000000          0009470166060400000000000000000000000000000000000000000007
1022542123500018830940000316741000000                         00000006922101000000DM 00000000000000000000 01090812210004530621                    100621000000000400075630940010812210000100000000000000000000000000000000000000000000000000000000000000000000000000004000000000000000000000000000000000000000000000000000000010000000000000          0000786278560600000000000000000000000000000000000000000008
1022542123500018830940000316741000000                         00000007090501000000DM 00000000000000000000 01090812210022820621                    100621000000000380075630940010812210000100000000000000000000000000000000000000000000000000000000000000000000000000003800000000000000000000000000000000000000000000000000000010000000000000          0007188059365300000000000000000000000000000000000000000009
1022542123500018830940000316741000000                         00000007102901000000DM 00000000000000000000 01090812210027130621                    100621000000000400075630940010812210000100000000000000000000000000000000000000000000000000000000000000000000000000004000000000000000000000000000000000000000000000000000000010000000000000          0009652261564900000000000000000000000000000000000000000010
1022542123500018830940000316741000000                         00000007126501000000DM 00000000000000000000 01090812210004270621                    100621000000000380075630940010812210000100000000000000000000000000000000000000000000000000000000000000000000000000003800000000000000000000000000000000000000000000000000000010000000000000          0000329979965700000000000000000000000000000000000000000011
1022542123500018830940000316741000000                         00000007174901000000DM 00000000000000000000 01090812210015980621                    100621000000000380075630940010812210000100000000000000000000000000000000000000000000000000000000000000000000000000003800000000000000000000000000000000000000000000000000000010000000000000          0007886934067800000000000000000000000000000000000000000012
1022542123500018830940000316741000000                         00000007186701000000DM 00000000000000000000 01090812210010620621                    100621000000000380075630940010812210000100000000000000000000000000000000000000000000000000000000000000000000000000003800000000000000000000000000000000000000000000000000000010000000000000          0000055756263500000000000000000000000000000000000000000013
1022542123500018830940000316741000000                         00000007198501000000DM 00000000000000000000 01090812210008690621                    100621000000000380075630940010812210000100000000000000000000000000000000000000000000000000000000000000000000000000003800000000000000000000000000000000000000000000000000000010000000000000          0000027442861000000000000000000000000000000000000000000014
1022542123500018830940000316741000000                         00000007222801000000DM 00000000000000000000 01090812210029630621                    100621000000000400075630940010812210000100000000000000000000000000000000000000000000000000000000000000000000000000004000000000000000000000000000000000000000000000000000000010000000000000          0000559499965500000000000000000000000000000000000000000015
1022542123500018830940000316741000000                         00000007282001000000DM 00000000000000000000 01090812210010210621                    100621000000000380075630940010812210000100000000000000000000000000000000000000000000000000000000000000000000000000003800000000000000000000000000000000000000000000000000000010000000000000          0007187518269100000000000000000000000000000000000000000016
1022542123500018830940000316741000000                         00000007318001000000DM 00000000000000000000 01090812210010920621                    100621000000000380075630940010812210000100000000000000000000000000000000000000000000000000000000000000000000000000003800000000000000000000000000000000000000000000000000000010000000000000          0007570230469100000000000000000000000000000000000000000017
1022542123500018830940000316741000000                         00000007390001000000DM 00000000000000000000 01090812210004910621                    100621000000000380075630940010812210000100000000000000000000000000000000000000000000000000000000000000000000000000003800000000000000000000000000000000000000000000000000000010000000000000          0002624052160400000000000000000000000000000000000000000018
1022542123500018830940000316741000000                         00000007414201000000DM 00000000000000000000 01090812210028810621                    100621000000000400075630940010812210000100000000000000000000000000000000000000000000000000000000000000000000000000004000000000000000000000000000000000000000000000000000000010000000000000          0002729612165300000000000000000000000000000000000000000019
1022542123500018830940000316741000000                         00000007437101000000DM 00000000000000000000 01090812210022630621                    100621000000000380075630940010812210000100000000000000000000000000000000000000000000000000000000000000000000000000003800000000000000000000000000000000000000000000000000000010000000000000          0002485828563400000000000000000000000000000000000000000020
1022542123500018830940000316741000000                         00000007493401000000DM 00000000000000000000 01090812210029710621                    100621000000000400075630940010812210000100000000000000000000000000000000000000000000000000000000000000000000000000004000000000000000000000000000000000000000000000000000000010000000000000          0002729840060600000000000000000000000000000000000000000021
1022542123500018830940000316741000000                         00000007537301000000DM 00000000000000000000 01090812211000180521                    100621000000001520075630940010812210000100000000000000000000000000000000000000000000000000000000000000000000000000015200000000000000000000000000000000000000000000000000000010000000000000          1823706600016500000000000000000000000000000000000000000022
1022542123500018830940000316741000000                         00000007539801000000DM 00000000000000000000 01090812211000250521                    100621000000040860075630940010812210000100000000000000000000000000000000000000000000000000000000000000000000000000408600000000000000000000000000000000000000000000000000000010000000000000          2604122800011300000000000000000000000000000000000000000023
1022542123500018830940000316741000000                         00000007060401000000DM 00000000000000000000 01060712210014701221                    101221000000000380010400970010712210000250000000000000000000000000000000000000000000000000000000000000000000000000003800000000000000000000000000000000000000000000000000000010000000000000          0008318973461500000000000000000000000000000000000000000024
1022542123500018830940000316741000000                         00000007348001000000DM 00000000000000000000 01060712210028151221                    101221000000000400010400970010712210000250000000000000000000000000000000000000000000000000000000000000000000000000004000000000000000000000000000000000000000000000000000000010000000000000          0001026372666500000000000000000000000000000000000000000025
1022542123500018830940000316741000000                         00000006964001000000DM 00000000000000000000 01060612210025271221                    101221000000000400010400970010612210000250000000000000000000000000000000000000000000000000000000000000000000000000004000000000000000000000000000000000000000000000000000000010000000000000          0000677178867900000000000000000000000000000000000000000026
1022542123500018830940000316741000000                         00000007384601000000DM 00000000000000000000 01060612210028161221                    101221000000000400010400970010612210000250000000000000000000000000000000000000000000000000000000000000000000000000004000000000000000000000000000000000000000000000000000000010000000000000          0008257197068200000000000000000000000000000000000000000027
9027563094SICOOB CREDIARA          R D BOSCO                                         Centro                        38183228Araxá                         MG211220210000002600000000113                                                                                                                                                                                                                    000028
