02RETORNO01COBRANÇA       30940000327964316741INOVA TECNOLOGIA DE INFORMACAO756 - BANCOOB S/A 2112210000512                                                                                                                                                                                                                                                                                               000001
1022542123500018830940000316741000000                         00000007360001000000DM 00000000000000000000 01061412210000411221                    101221000000000380010400970011412210000250000000000000000000000000000000000000000000000000000000000000000000000000003803000000000000300000000000000000000000000000000000000010000000000000          0000565324365500000000000000000000000000000000000000000002
1022542123500018830940000316741000000                         00000007372801000000DM 00000000000000000000 01061312210004161221                    101221000000000380008100010011312210000250000000000000000000000000000000000000000000000000000000000000000000000000003803000000000000300000000000000000000000000000000000000010000000000000          0009147587261500000000000000000000000000000000000000000003
1022542123500018830940000316741000000                         00000007024901000000DM 00000000000000000000 01061312210024531221                    101221000000000400010400970011312210000250000000000000000000000000000000000000000000000000000000000000000000000000004004000000000000400000000000000000000000000000000000000010000000000000          0003607094764900000000000000000000000000000000000000000004
1022542123500018830940000316741000000                         00000006916701000000DM 00000000000000000000 01061012210005191221                    101221000000000380010400970011012210000250000000000000000000000000000000000000000000000000000000000000000000000000003800000000000000000000000000000000000000000000000000000010000000000000          0007188477760000000000000000000000000000000000000000000005
1022542123500018830940000316741000000                         00000007312601000000DM 00000000000000000000 01061012210029011221                    101221000000000400010400970011012210000250000000000000000000000000000000000000000000000000000000000000000000000000004000000000000000000000000000000000000000000000000000000010000000000000          0002483652468700000000000000000000000000000000000000000006
1022542123500018830940000316741000000                         00000007588901000000DM 00000000000000000000 01061012211000281221                    101221000000000518013657310011012210000250000000000000000000000000000000000000000000000000000000000000000000000000005180000000000000000000000000000000000000000000000000000010000000000000          0581273600018800000000000000000000000000000000000000000007
1022542123500018830940000316741000000                         00000007586401000000DM 00000000000000000000 01061012211000151121                    101221000000000380075684530011012210000250000000000000000000000000000000000000000000000000000000000000000000000000003800000000000000000000000000000000000000000000000000000010000000000000          7097303700093900000000000000000000000000000000000000000008
1022542123500018830940000316741000000                         00000007120101000000DM 00000000000000000000 01061012210011031221                    101221000000000380010400970011012210000250000000000000000000000000000000000000000000000000000000000000000000000000003800000000000000000000000000000000000000000000000000000010000000000000          0008715135969100000000000000000000000000000000000000000009
1022542123500018830940000316741000000                         00000007585701000000DM 00000000000000000000 01061012211000101121                    101221000000000760075684530011012210000250000000000000000000000000000000000000000000000000000000000000000000000000007600000000000000000000000000000000000000000000000000000010000000000000          7097303700034300000000000000000000000000000000000000000010
9027563094SICOOB CREDIARA          R D BOSCO                                         Centro                        38183228Araxá                         MG211220210000000900000000113                                                                                                                                                                                                                    000011
