02RETORNO01COBRANÇA       30940000327964316741INOVA TECNOLOGIA DE INFORMACAO756 - BANCOOB S/A 2112210000510                                                                                                                                                                                                                                                                                               000001
1022542123500018830940000316741000000                         00000007552401000000DM 00000000000000000000 01060312210035801221                    101221000000000400010400970010312210000250000000000000000000000000000000000000000000000000000000000000000000000000004000000000000000000000000000000000000000000000000000000010000000000000          0008803228063400000000000000000000000000000000000000000002
1022542123500018830940000316741000000                         00000006952201000000DM 00000000000000000000 01060312210014951221                    101221000000000380010400970010312210000250000000000000000000000000000000000000000000000000000000000000000000000000003800000000000000000000000000000000000000000000000000000010000000000000          0000136752462800000000000000000000000000000000000000000003
1022542123500018830940000316741000000                         00000006880701000000DM 00000000000000000000 01060212210026741221                    101221000000000400010400970010212210000250000000000000000000000000000000000000000000000000000000000000000000000000004000000000000000000000000000000000000000000000000000000010000000000000          0000954360460600000000000000000000000000000000000000000004
1022542123500018830940000316741000000                         00000006904901000000DM 00000000000000000000 01060112210011611221                    101221000000000380010400970010112210000250000000000000000000000000000000000000000000000000000000000000000000000000003800000000000000000000000000000000000000000000000000000010000000000000          0004342743060000000000000000000000000000000000000000000005
1022542123500018830940000316741000000                         00000006976901000000DM 00000000000000000000 01060112210017951221                    101221000000000380010400970010112210000250000000000000000000000000000000000000000000000000000000000000000000000000003800000000000000000000000000000000000000000000000000000010000000000000          0000027258068600000000000000000000000000000000000000000006
1022542123500018830940000316741000000                         00000007482301000000DM 00000000000000000000 01060112210028821221                    101221000000000400010400970010112210000250000000000000000000000000000000000000000000000000000000000000000000000000004000000000000000000000000000000000000000000000000000000010000000000000          0008182941865300000000000000000000000000000000000000000007
1022542123500018830940000316741000000                         00000006868801000000DM 00000000000000000000 01063011210014581221                    101221000000000380010400970013011210000250000000000000000000000000000000000000000000000000000000000000000000000000003800000000000000000000000000000000000000000000000000000010000000000000          0002361630010000000000000000000000000000000000000000000008
1022542123500018830940000316741000000                         00000007515101000000DM 00000000000000000000 01063011210035751221                    101221000000000400010400970013011210000250000000000000000000000000000000000000000000000000000000000000000000000000004000000000000000000000000000000000000000000000000000000010000000000000          0000188321888800000000000000000000000000000000000000000009
1022542123500018830940000316741000000                         00000007239201000000DM 00000000000000000000 01062911210022691121                    101121000000000400010400970012911210000250000000000000000000000000000000000000000000000000000000000000000000000000004004000000000000400000000000000000000000000000000000000010000000000000          0006307307269100000000000000000000000000000000000000000010
1022542123500018830940000316741000000                         00000007216301000000DM 00000000000000000000 01062911210010141221                    101221000000000400010400970012911210000250000000000000000000000000000000000000000000000000000000000000000000000000004000000000000000000000000000000000000000000000000000000010000000000000          0005764752663400000000000000000000000000000000000000000011
1022542123500018830940000316741000000                         00000007251101000000DM 00000000000000000000 01062911210005451121                    101121000000000380010400970012911210000250000000000000000000000000000000000000000000000000000000000000000000000000003803000000000000300000000000000000000000000000000000000010000000000000          0003013578866800000000000000000000000000000000000000000012
9027563094SICOOB CREDIARA          R D BOSCO                                         Centro                        38183228Araxá                         MG211220210000001100000000113                                                                                                                                                                                                                    000013
