02RETORNO01COBRANÇA       30940000327964316741J REZENDE                     756 - BANCOOB S/A 2203210000459                                                                                                                                                                                                                                                                                               000001
1022542123500018830940000316741000000                         00000007230701000000DM 00000000000000000000 01062202210022690221                    100221000000000400010400970012202210000250000000000000000000000000000000000000000000000000000000000000000000000000004004000000000000400000000000000000000000000000000000000010000000000000          0006307307269100000000000000000000000000000000000000000002
9027563094SICOOB CREDIARA          R D BOSCO                                         Centro                        38183228Araxá                         MG220320210000000100000000113                                                                                                                                                                                                                    000003
