02RETORNO01COBRANÇA       30940000327964316741J REZENDE                     756 - BANCOOB S/A 2203210000462                                                                                                                                                                                                                                                                                               000001
1022542123500018830940000316741000000                         00000007399601000000DM 00000000000000000000 01061003210005930321                    100321000000000380010400970011003210000250000000000000000000000000000000000000000000000000000000000000000000000000003800000000000000000000000000000000000000000000000000000010000000000000          0003023575860400000000000000000000000000000000000000000002
1022542123500018830940000316741000000                         00000007327601000000DM 00000000000000000000 01061003210001140321                    100321000000000380010400970011003210000250000000000000000000000000000000000000000000000000000000000000000000000000003800000000000000000000000000000000000000000000000000000010000000000000          0004897155363400000000000000000000000000000000000000000003
1022542123500018830940000316741000000                         00000005909601000000DM 00000000000000000000 01091003210030710920                    100920000000000400075630940011003210000100000000000000000000000000000000000000000000000000000000000000000000000000004000000000000000000000000000000000000000000000000000000010000000000000          0000953633063600000000000000000000000000000000000000000004
1022542123500018830940000316741000000                         00000006017801000000DM 00000000000000000000 01091003210002470920                    100920000000000360075630940011003210000100000000000000000000000000000000000000000000000000000000000000000000000000003600000000000000000000000000000000000000000000000000000010000000000000          0000356167569700000000000000000000000000000000000000000005
1022542123500018830940000316741000000                         00000006149501000000DM 00000000000000000000 01091003210030700920                    100920000000000400075630940011003210000100000000000000000000000000000000000000000000000000000000000000000000000000004000000000000000000000000000000000000000000000000000000010000000000000          0001212798465000000000000000000000000000000000000000000006
1022542123500018830940000316741000000                         00000006161401000000DM 00000000000000000000 01091003210004530920                    100920000000000400075630940011003210000100000000000000000000000000000000000000000000000000000000000000000000000000004000000000000000000000000000000000000000000000000000000010000000000000          0000786278560600000000000000000000000000000000000000000007
1022542123500018830940000316741000000                         00000006185001000000DM 00000000000000000000 01091003210008390920                    100920000000000360075630940011003210000100000000000000000000000000000000000000000000000000000000000000000000000000003600000000000000000000000000000000000000000000000000000010000000000000          0004904386264900000000000000000000000000000000000000000008
1022542123500018830940000316741000000                         00000006233001000000DM 00000000000000000000 01091003210017220920                    100920000000000360075630940011003210000100000000000000000000000000000000000000000000000000000000000000000000000000003600000000000000000000000000000000000000000000000000000010000000000000          0000326379860000000000000000000000000000000000000000000009
1022542123500018830940000316741000000                         00000006245801000000DM 00000000000000000000 01091003210017830920                    100920000000000360075630940011003210000100000000000000000000000000000000000000000000000000000000000000000000000000003600000000000000000000000000000000000000000000000000000010000000000000          0007674540669100000000000000000000000000000000000000000010
1022542123500018830940000316741000000                         00000006269401000000DM 00000000000000000000 01091003210030140920                    100920000000000400075630940011003210000100000000000000000000000000000000000000000000000000000000000000000000000000004000000000000000000000000000000000000000000000000000000010000000000000          0000506908968400000000000000000000000000000000000000000011
1022542123500018830940000316741000000                         00000006281301000000DM 00000000000000000000 01091003210029270920                    100920000000000400075630940011003210000100000000000000000000000000000000000000000000000000000000000000000000000000004000000000000000000000000000000000000000000000000000000010000000000000          0001166686868000000000000000000000000000000000000000000012
1022542123500018830940000316741000000                         00000006341001000000DM 00000000000000000000 01091003210010920920                    100920000000000360075630940011003210000100000000000000000000000000000000000000000000000000000000000000000000000000003600000000000000000000000000000000000000000000000000000010000000000000          0007570230469100000000000000000000000000000000000000000013
1022542123500018830940000316741000000                         00000006365701000000DM 00000000000000000000 01091003210023970920                    100920000000000400075630940011003210000100000000000000000000000000000000000000000000000000000000000000000000000000004000000000000000000000000000000000000000000000000000000010000000000000          0007188737762000000000000000000000000000000000000000000014
1022542123500018830940000316741000000                         00000006377501000000DM 00000000000000000000 01091003210026650920                    100920000000000400075630940011003210000100000000000000000000000000000000000000000000000000000000000000000000000000004000000000000000000000000000000000000000000000000000000010000000000000          0000694769266000000000000000000000000000000000000000000015
1022542123500018830940000316741000000                         00000006413601000000DM 00000000000000000000 01091003210027000920                    100920000000000400075630940011003210000100000000000000000000000000000000000000000000000000000000000000000000000000004000000000000000000000000000000000000000000000000000000010000000000000          0000487456467400000000000000000000000000000000000000000016
1022542123500018830940000316741000000                         00000006437201000000DM 00000000000000000000 01091003210004910920                    100920000000000360075630940011003210000100000000000000000000000000000000000000000000000000000000000000000000000000003600000000000000000000000000000000000000000000000000000010000000000000          0002624052160400000000000000000000000000000000000000000017
1022542123500018830940000316741000000                         00000006448301000000DM 00000000000000000000 01091003210030720920                    100920000000000400075630940011003210000100000000000000000000000000000000000000000000000000000000000000000000000000004000000000000000000000000000000000000000000000000000000010000000000000          0000317910663800000000000000000000000000000000000000000018
1022542123500018830940000316741000000                         00000006484901000000DM 00000000000000000000 01091003210022820920                    100920000000000360075630940011003210000100000000000000000000000000000000000000000000000000000000000000000000000000003600000000000000000000000000000000000000000000000000000010000000000000          0007188059365300000000000000000000000000000000000000000019
1022542123500018830940000316741000000                         00000006496701000000DM 00000000000000000000 01091003210029220920                    100920000000000400075630940011003210000100000000000000000000000000000000000000000000000000000000000000000000000000004000000000000000000000000000000000000000000000000000000010000000000000          0005554795862000000000000000000000000000000000000000000020
1022542123500018830940000316741000000                         00000006568201000000DM 00000000000000000000 01091003210023390920                    100920000000000400075630940011003210000100000000000000000000000000000000000000000000000000000000000000000000000000004000000000000000000000000000000000000000000000000000000010000000000000          0003615945069700000000000000000000000000000000000000000021
1022542123500018830940000316741000000                         00000006580101000000DM 00000000000000000000 01091003210026050920                    100920000000000400075630940011003210000100000000000000000000000000000000000000000000000000000000000000000000000000004000000000000000000000000000000000000000000000000000000010000000000000          0000258153466400000000000000000000000000000000000000000022
1022542123500018830940000316741000000                         00000006604301000000DM 00000000000000000000 01091003210004370920                    100920000000000360075630940011003210000100000000000000000000000000000000000000000000000000000000000000000000000000003600000000000000000000000000000000000000000000000000000010000000000000          0001313854565300000000000000000000000000000000000000000023
1022542123500018830940000316741000000                         00000006628001000000DM 00000000000000000000 01091003210030760920                    100920000000000400075630940011003210000100000000000000000000000000000000000000000000000000000000000000000000000000004000000000000000000000000000000000000000000000000000000010000000000000          0000479186480800000000000000000000000000000000000000000024
1022542123500018830940000316741000000                         00000006664501000000DM 00000000000000000000 01091003210029710920                    100920000000000400075630940011003210000100000000000000000000000000000000000000000000000000000000000000000000000000004000000000000000000000000000000000000000000000000000000010000000000000          0002729840060600000000000000000000000000000000000000000025
1022542123500018830940000316741000000                         00000006698501000000DM 00000000000000000000 01091003210026730920                    100920000000000400075630940011003210000100000000000000000000000000000000000000000000000000000000000000000000000000004000000000000000000000000000000000000000000000000000000010000000000000          0000945536569300000000000000000000000000000000000000000026
1022542123500018830940000316741000000                         00000006733901000000DM 00000000000000000000 01091003210008410920                    100920000000000360075630940011003210000100000000000000000000000000000000000000000000000000000000000000000000000000003600000000000000000000000000000000000000000000000000000010000000000000          0004459589168700000000000000000000000000000000000000000027
1022542123500018830940000316741000000                         00000006829001000000DM 00000000000000000000 01091003211000180820                    100920000000001520075630940011003210000100000000000000000000000000000000000000000000000000000000000000000000000000015200000000000000000000000000000000000000000000000000000010000000000000          1823706600016500000000000000000000000000000000000000000028
1022542123500018830940000316741000000                         00000007027001000000DM 00000000000000000000 01061003210009010321                    100321000000000380010400970011003210000250000000000000000000000000000000000000000000000000000000000000000000000000003800000000000000000000000000000000000000000000000000000010000000000000          0009470166060400000000000000000000000000000000000000000029
1022542123500018830940000316741000000                         00000007063601000000DM 00000000000000000000 01061003210030690321                    100321000000000400075630940011003210000250000000000000000000000000000000000000000000000000000000000000000000000000004000000000000000000000000000000000000000000000000000000010000000000000          0006037461660400000000000000000000000000000000000000000030
1022542123500018830940000316741000000                         00000007111501000000DM 00000000000000000000 01061003210011030321                    100321000000000380010400970011003210000250000000000000000000000000000000000000000000000000000000000000000000000000003800000000000000000000000000000000000000000000000000000010000000000000          0008715135969100000000000000000000000000000000000000000031
1022542123500018830940000316741000000                         00000007039901000000DM 00000000000000000000 01060903210004140321                    100321000000000400003334670010903210000250000000000000000000000000000000000000000000000000000000000000000000000000004000000000000000000000000000000000000000000000000000000010000000000000          0000303613564200000000000000000000000000000000000000000032
1022542123500018830940000316741000000                         00000006967201000000DM 00000000000000000000 01060903210017950321                    100321000000000380010400970010903210000250000000000000000000000000000000000000000000000000000000000000000000000000003800000000000000000000000000000000000000000000000000000010000000000000          0000027258068600000000000000000000000000000000000000000033
1022542123500018830940000316741000000                         00000007339401000000DM 00000000000000000000 01060803210028150321                    100321000000000400010400970010803210000250000000000000000000000000000000000000000000000000000000000000000000000000004000000000000000000000000000000000000000000000000000000010000000000000          0001026372666500000000000000000000000000000000000000000034
1022542123500018830940000316741000000                         00000006979001000000DM 00000000000000000000 01060803210010200321                    100321000000000400010400970010803210000250000000000000000000000000000000000000000000000000000000000000000000000000004000000000000000000000000000000000000000000000000000000010000000000000          0003616071763400000000000000000000000000000000000000000035
1022542123500018830940000316741000000                         00000007135101000000DM 00000000000000000000 01060803210023040321                    100321000000000400010400970010803210000250000000000000000000000000000000000000000000000000000000000000000000000000004000000000000000000000000000000000000000000000000000000010000000000000          0004225353567200000000000000000000000000000000000000000036
1022542123500018830940000316741000000                         00000006943601000000DM 00000000000000000000 01060803210014950321                    100321000000000380010400970010803210000250000000000000000000000000000000000000000000000000000000000000000000000000003800000000000000000000000000000000000000000000000000000010000000000000          0000136752462800000000000000000000000000000000000000000037
1022542123500018830940000316741000000                         00000006955401000000DM 00000000000000000000 01060803210025270321                    100321000000000400010400970010803210000250000000000000000000000000000000000000000000000000000000000000000000000000004000000000000000000000000000000000000000000000000000000010000000000000          0000677178867900000000000000000000000000000000000000000038
1022542123500018830940000316741000000                         00000007291601000000DM 00000000000000000000 01060803210006480321                    100321000000000400010400970010803210000250000000000000000000000000000000000000000000000000000000000000000000000000004000000000000000000000000000000000000000000000000000000010000000000000          0001612677762000000000000000000000000000000000000000000039
1022542123500018830940000316741000000                         00000007473701000000DM 00000000000000000000 01060503210028820321                    100321000000000400010400970010503210000250000000000000000000000000000000000000000000000000000000000000000000000000004000000000000000000000000000000000000000000000000000000010000000000000          0008182941865300000000000000000000000000000000000000000040
1022542123500018830940000316741000000                         00000007003401000000DM 00000000000000000000 01060503210016360321                    100321000000000400010400970010503210000250000000000000000000000000000000000000000000000000000000000000000000000000004000000000000000000000000000000000000000000000000000000010000000000000          0004340692069100000000000000000000000000000000000000000041
9027563094SICOOB CREDIARA          R D BOSCO                                         Centro                        38183228Araxá                         MG220320210000004000000000113                                                                                                                                                                                                                    000042
