02RETORNO01COBRANÇA       30940000327964316741J REZENDE                     756 - BANCOOB S/A 2203210000458                                                                                                                                                                                                                                                                                               000001
1022542123500018830940000316741000000                         00000006906301000000DM 00000000000000000000 01061902210005190221                    100221000000000380010400970011902210000250000000000000000000000000000000000000000000000000000000000000000000000000003803000000000000300000000000000000000000000000000000000010000000000000          0007188477760000000000000000000000000000000000000000000002
1022542123500018830940000316741000000                         00000007254301000000DM 00000000000000000000 01061902210013890221                    280221000000000380010400970011902210000250000000000000000000000000000000000000000000000000000000000000000000000000003800000000000000000000000000000000000000000000000000000010000000000000          0000690262868800000000000000000000000000000000000000000003
1022542123500018830940000316741000000                         00000007147001000000DM 00000000000000000000 01061802210002360321                    100321000000000400010400970011802210000250000000000000000000000000000000000000000000000000000000000000000000000000004000000000000000000000000000000000000000000000000000000010000000000000          0000569370264200000000000000000000000000000000000000000004
1022542123500018830940000316741000000                         00000007074701000000DM 00000000000000000000 01061702210027000221                    100221000000000400010400970011702210000250000000000000000000000000000000000000000000000000000000000000000000000000004004000000000000400000000000000000000000000000000000000010000000000000          0000487456467400000000000000000000000000000000000000000005
1022542123500018830940000316741000000                         00000007207701000000DM 00000000000000000000 01061702210010140321                    100321000000000400010400970011702210000250000000000000000000000000000000000000000000000000000000000000000000000000004000000000000000000000000000000000000000000000000000000010000000000000          0005764752663400000000000000000000000000000000000000000006
9027563094SICOOB CREDIARA          R D BOSCO                                         Centro                        38183228Araxá                         MG220320210000000500000000113                                                                                                                                                                                                                    000007
