75600000         225421235000188                    03094000000003167410J REZENDE                     SICOOB                                  22203202119223400000408500000                                                                     
75600011T01  043 2025421235000188          309400000203094000000003167410J REZENDE                                                                                                     000000002203202100000000                                 
7560001300001T 0603094000000003167410000006906301013     10005190221     10022021000000000003800104000970                         091000071884777600JOSE CARLOS DA CRUZ                     00000000000000000000002500000000004                 
7560001300002U 060000000000000030000000000000000000000000000000000000000000000000000000038030000000000038030000000000000000000000000000001902202119022021    00000000000000000000000                       136389675600000000000000000000       
7560001300003T 0603094000000003167410000007074701013     10027000221     10022021000000000004000104000970                         091000004874564674LAURA CRISTINA SILVA                    00000000000000000000002500000000004                 
7560001300004U 060000000000000040000000000000000000000000000000000000000000000000000000040040000000000040040000000000000000000000000000001702202117022021    00000000000000000000000                       136129775600000000000000000000       
7560001300005T 0603094000000003167410000007147001013     10002360321     10032021000000000004000104000970                         091000005693702642ELIMAR  NIVALDO DE PAULA                00000000000000000000002500000000004                 
7560001300006U 060000000000000000000000000000000000000000000000000000000000000000000000040000000000000040000000000000000000000000000000001802202118022021    00000000000000000000000                       136321775600000000000000000000       
7560001300007T 0603094000000003167410000007207701013     10010140321     10032021000000000004000104000970                         091000057647526634OTACILIO FERREIRA                       00000000000000000000002500000000004                 
7560001300008U 060000000000000000000000000000000000000000000000000000000000000000000000040000000000000040000000000000000000000000000000001702202117022021    00000000000000000000000                       136222675600000000000000000000       
7560001300009T 0603094000000003167410000007230701013     10022690221     10022021000000000004000104000970                         091000063073072691MARIA APARECIDA DA SILVA                00000000000000000000002500000000004                 
7560001300010U 060000000000000040000000000000000000000000000000000000000000000000000000040040000000000040040000000000000000000000000000002202202122022021    00000000000000000000000                       136516175600000000000000000000       
7560001300011T 0603094000000003167410000007254301013     10013890221     28022021000000000003800104000970                         091000006902628688MATHEUS SILVA DE SOUZA                  00000000000000000000002500000000004                 
7560001300012U 060000000000000000000000000000000000000000000000000000000000000000000000038000000000000038000000000000000000000000000000001902202119022021    00000000000000000000000                       136389875600000000000000000000       
75600015         00001400000600000000000023600000000000000000000000000000000000000000000000000000000000000000000000                                                                                                                             
75699999         000001000016000000                                                                                                                                                                                                             
