02RETORNO01COBRANÇA       30940000327964316741J REZENDE                     756 - BANCOOB S/A 2203210000463                                                                                                                                                                                                                                                                                               000001
1022542123500018830940000316741000000                         00000007363101000000DM 00000000000000000000 01061503210004160321                    100321000000000380034109440011503210000250000000000000000000000000000000000000000000000000000000000000000000000000003803000000000000300000000000000000000000000000000000000010000000000000          0009147587261500000000000000000000000000000000000000000002
1022542123500018830940000316741000000                         00000007051801000000DM 00000000000000000000 01061203210014700321                    100321000000000380010400970011203210000250000000000000000000000000000000000000000000000000000000000000000000000000003803000000000000300000000000000000000000000000000000000010000000000000          0008318973461500000000000000000000000000000000000000000003
1022542123500018830940000316741000000                         00000007148701000000DM 00000000000000000000 01061103210002360421                    100421000000000400010400970011103210000250000000000000000000000000000000000000000000000000000000000000000000000000004000000000000000000000000000000000000000000000000000000010000000000000          0000569370264200000000000000000000000000000000000000000004
1022542123500018830940000316741000000                         00000007303001000000DM 00000000000000000000 01061103210029010321                    100321000000000400010400970011103210000250000000000000000000000000000000000000000000000000000000000000000000000000004004000000000000400000000000000000000000000000000000000010000000000000          0002483652468700000000000000000000000000000000000000000005
1022542123500018830940000316741000000                         00000007375001000000DM 00000000000000000000 01061103210028160321                    100321000000000400010400970011103210000250000000000000000000000000000000000000000000000000000000000000000000000000004004000000000000400000000000000000000000000000000000000010000000000000          0008257197068200000000000000000000000000000000000000000006
9027563094SICOOB CREDIARA          R D BOSCO                                         Centro                        38183228Araxá                         MG220320210000000500000000113                                                                                                                                                                                                                    000007
