02RETORNO01COBRANÇA       30940000327964316741J REZENDE                     756 - BANCOOB S/A 2203210000461                                                                                                                                                                                                                                                                                               000001
1022542123500018830940000316741000000                         00000006859101000000DM 00000000000000000000 01060303210014580321                    100321000000000380010400970010303210000250000000000000000000000000000000000000000000000000000000000000000000000000003800000000000000000000000000000000000000000000000000000010000000000000          0002361630010000000000000000000000000000000000000000000002
1022542123500018830940000316741000000                         00000007351301000000DM 00000000000000000000 01060303210000410321                    100321000000000380010400970010303210000250000000000000000000000000000000000000000000000000000000000000000000000000003800000000000000000000000000000000000000000000000000000010000000000000          0000565324365500000000000000000000000000000000000000000003
1022542123500018830940000316741000000                         00000006871001000000DM 00000000000000000000 01060203210026740321                    100321000000000400010400970010203210000250000000000000000000000000000000000000000000000000000000000000000000000000004000000000000000000000000000000000000000000000000000000010000000000000          0000954360460600000000000000000000000000000000000000000004
1022542123500018830940000316741000000                         00000007015201000000DM 00000000000000000000 01060203210024530321                    100321000000000400010400970010203210000250000000000000000000000000000000000000000000000000000000000000000000000000004000000000000000000000000000000000000000000000000000000010000000000000          0003607094764900000000000000000000000000000000000000000005
1022542123500018830940000316741000000                         00000006894001000000DM 00000000000000000000 01060103210011610221                    100221000000000380010400970010103210000250000000000000000000000000000000000000000000000000000000000000000000000000003803000000000000300000000000000000000000000000000000000010000000000000          0004342743060000000000000000000000000000000000000000000006
1022542123500018830940000316741000000                         00000006907001000000DM 00000000000000000000 01060103210005190321                    100321000000000380010400970010103210000250000000000000000000000000000000000000000000000000000000000000000000000000003800000000000000000000000000000000000000000000000000000010000000000000          0007188477760000000000000000000000000000000000000000000007
9027563094SICOOB CREDIARA          R D BOSCO                                         Centro                        38183228Araxá                         MG220320210000000600000000113                                                                                                                                                                                                                    000008
