02RETORNO01COBRANÇA       30940000327964316741J REZENDE - ME                756 - BANCOOB S/A 0506180000232                                                                                                                                                                                                                                                                                               000001
1022542123500018830940000316741000000                         00000003435001000000DM 00000000000000000000 01063005180015740618                    100618000000000324010400970013005180000250000000000000000000000000000000000000000000000000000000000000000000000000003240000000000000000000000000000000000000000000000000000010000000000000          0004684573966800000000000000000000000000000000000000000002
1022542123500018830940000316741000000                         00000004027301000000DM 00000000000000000000 01063005180027130618                    100618000000000374010400970013005180000250000000000000000000000000000000000000000000000000000000000000000000000000003740000000000000000000000000000000000000000000000000000010000000000000          0009652261564900000000000000000000000000000000000000000003
1022542123500018830940000316741000000                         00000003541701000000DM 00000000000000000000 01062805180022660518                    100518000000000374075630940012805180000250000000000000000000000000000000000000000000000000000000000000000000000000003765000000000002500000000000000000000000000000000000000010000000000000          0004170441060600000000000000000000000000000000000000000004
1022542123500018830940000316741000000                         00000003540001000000DM 00000000000000000000 01062805180022660418                    100418000000000374075630940012805180000250000000000000000000000000000000000000000000000000000000000000000000000000003804000000000006400000000000000000000000000000000000000010000000000000          0004170441060600000000000000000000000000000000000000000005
9027563094SICOOB CREDIARA          RUA MARIA RITA DE AGUIAR                          CENTRO                        38183236ARAXÁ                         MG050620180000000400000000113                                                                                                                                                                                                                    000006
