02RETORNO01COBRANÇA       30940000327964316741J REZENDE - ME                756 - BANCOOB S/A 0506180000233                                                                                                                                                                                                                                                                                               000001
1022542123500018830940000316741000000                         00000003519401000000DM 00000000000000000000 01060406180017750618                    100618000000000324010400970010406180000250000000000000000000000000000000000000000000000000000000000000000000000000003240000000000000000000000000000000000000000000000000000010000000000000          0002729843469100000000000000000000000000000000000000000002
1022542123500018830940000316741000000                         00000003859401000000DM 00000000000000000000 01060406180030330618                    100618000000000374010400970010406180000250000000000000000000000000000000000000000000000000000000000000000000000000003740000000000000000000000000000000000000000000000000000010000000000000          0008285259668700000000000000000000000000000000000000000003
1022542123500018830940000316741000000                         00000003979301000000DM 00000000000000000000 01060406180026740618                    100618000000000374010400970010406180000250000000000000000000000000000000000000000000000000000000000000000000000000003740000000000000000000000000000000000000000000000000000010000000000000          0000954360460600000000000000000000000000000000000000000004
1022542123500018830940000316741000000                         00000004075701000000DM 00000000000000000000 01060406180014580618                    100618000000000324010400970010406180000250000000000000000000000000000000000000000000000000000000000000000000000000003240000000000000000000000000000000000000000000000000000010000000000000          0002361630010000000000000000000000000000000000000000000005
1022542123500018830940000316741000000                         00000003003801000000DM 00000000000000000000 01060406180007200618                    100618000000000324063400190010406180000250000000000000000000000000000000000000000000000000000000000000000000000000003240000000000000000000000000000000000000000000000000000010000000000000          0003609756063000000000000000000000000000000000000000000006
1022542123500018830940000316741000000                         00000004063901000000DM 00000000000000000000 01060406180014480618                    100618000000000324010400970010406180000250000000000000000000000000000000000000000000000000000000000000000000000000003240000000000000000000000000000000000000000000000000000010000000000000          0005227926069700000000000000000000000000000000000000000007
9027563094SICOOB CREDIARA          RUA MARIA RITA DE AGUIAR                          CENTRO                        38183236ARAXÁ                         MG050620180000000600000000113                                                                                                                                                                                                                    000008
