02RETORNO01COBRANÇA       30940000327964316741J REZENDE - ME                756 - BANCOOB S/A 1806180000236                                                                                                                                                                                                                                                                                               000001
1022542123500018830940000316741000000                         00000003811101000000DM 00000000000000000000 01061306180010140618                    200618000000000374010400970011306180000250000000000000000000000000000000000000000000000000000000000000000000000000003740000000000000000000000000000000000000000000000000000010000000000000          0005764752663400000000000000000000000000000000000000000002
1022542123500018830940000316741000000                         00000003051101000000DM 00000000000000000000 01061306180008410618                    100618000000000324075630940011306180000250000000000000000000000000000000000000000000000000000000000000000000000000003567000000000032700000000000000000000000000000000000000010000000000000          0004459589168700000000000000000000000000000000000000000003
9027563094SICOOB CREDIARA          RUA MARIA RITA DE AGUIAR                          CENTRO                        38183236ARAXÁ                         MG180620180000000200000000113                                                                                                                                                                                                                    000004
