02RETORNO01COBRANÇA       30940000327964316741J REZENDE - ME                756 - BANCOOB S/A 1306180000235                                                                                                                                                                                                                                                                                               000001
1022542123500018830940000316741000000                         00000001220901000000DM 00000000000000000000 01091106180017951217                    101217000000000294075630940011106180000000000000000000000000000000000000000000000000000000000000000000000000000000002940000000000000000000000000000000000000000000000000000010000000000000          0000027258068600000000000000000000000000000000000000000002
1022542123500018830940000316741000000                         00000001532201000000DM 00000000000000000000 01091106180028531217                    101217000000000349075630940011106180000000000000000000000000000000000000000000000000000000000000000000000000000000003490000000000000000000000000000000000000000000000000000010000000000000          0007188229465300000000000000000000000000000000000000000003
1022542123500018830940000316741000000                         00000001796701000000DM 00000000000000000000 01091106180030181217                    101217000000000349075630940011106180000000000000000000000000000000000000000000000000000000000000000000000000000000003490000000000000000000000000000000000000000000000000000010000000000000          0000706059360800000000000000000000000000000000000000000004
1022542123500018830940000316741000000                         00000002303401000000DM 00000000000000000000 01091106180015251217                    101217000000000294075630940011106180000000000000000000000000000000000000000000000000000000000000000000000000000000002940000000000000000000000000000000000000000000000000000010000000000000          0000129208361100000000000000000000000000000000000000000005
1022542123500018830940000316741000000                         00000000884101000000DM 00000000000000000000 01091106180012101217                    101217000000000294075630940011106180000000000000000000000000000000000000000000000000000000000000000000000000000000002940000000000000000000000000000000000000000000000000000010000000000000          0007188717265300000000000000000000000000000000000000000006
1022542123500018830940000316741000000                         00000001652101000000DM 00000000000000000000 01091106180029261217                    101217000000000349075630940011106180000000000000000000000000000000000000000000000000000000000000000000000000000000003490000000000000000000000000000000000000000000000000000010000000000000          0001299792766800000000000000000000000000000000000000000007
1022542123500018830940000316741000000                         00000001664001000000DM 00000000000000000000 01091106180029301217                    101217000000000349075630940011106180000000000000000000000000000000000000000000000000000000000000000000000000000000003490000000000000000000000000000000000000000000000000000010000000000000          0000809615061800000000000000000000000000000000000000000008
1022542123500018830940000316741000000                         00000001016501000000DM 00000000000000000000 01091106180024731217                    101217000000000349075630940011106180000000000000000000000000000000000000000000000000000000000000000000000000000000003490000000000000000000000000000000000000000000000000000010000000000000          0001603579869100000000000000000000000000000000000000000009
1022542123500018830940000316741000000                         00000000352701000000DM 00000000000000000000 01091106180004601217                    101217000000000294075630940011106180000000000000000000000000000000000000000000000000000000000000000000000000000000002940000000000000000000000000000000000000000000000000000010000000000000          0004085395076800000000000000000000000000000000000000000010
1022542123500018830940000316741000000                         00000000462201000000DM 00000000000000000000 01091106180007351217                    101217000000000294075630940011106180000000000000000000000000000000000000000000000000000000000000000000000000000000002940000000000000000000000000000000000000000000000000000010000000000000          0001043534261400000000000000000000000000000000000000000011
1022542123500018830940000316741000000                         00000000510101000000DM 00000000000000000000 01091106180007931217                    101217000000000294075630940011106180000000000000000000000000000000000000000000000000000000000000000000000000000000002940000000000000000000000000000000000000000000000000000010000000000000          0005103575868700000000000000000000000000000000000000000012
1022542123500018830940000316741000000                         00000000522001000000DM 00000000000000000000 01091106180008391217                    101217000000000294075630940011106180000000000000000000000000000000000000000000000000000000000000000000000000000000002940000000000000000000000000000000000000000000000000000010000000000000          0004904386264900000000000000000000000000000000000000000013
1022542123500018830940000316741000000                         00000000572801000000DM 00000000000000000000 01091106180008471217                    101217000000000349075630940011106180000000000000000000000000000000000000000000000000000000000000000000000000000000003490000000000000000000000000000000000000000000000000000010000000000000          0000150671660100000000000000000000000000000000000000000014
1022542123500018830940000316741000000                         00000001315301000000DM 00000000000000000000 01091106180030211117                    101217000000000319075630940011106180000000000000000000000000000000000000000000000000000000000000000000000000000000003190000000000000000000000000000000000000000000000000000010000000000000          0000821220462600000000000000000000000000000000000000000015
1022542123500018830940000316741000000                         00000003590801000000DM 00000000000000000000 01061106180023390618                    100618000000000374010400970011106180000250000000000000000000000000000000000000000000000000000000000000000000000000003740000000000000000000000000000000000000000000000000000010000000000000          0003615945069700000000000000000000000000000000000000000016
1022542123500018830940000316741000000                         00000001232701000000DM 00000000000000000000 01091106180022631217                    101217000000000294075630940011106180000000000000000000000000000000000000000000000000000000000000000000000000000000002940000000000000000000000000000000000000000000000000000010000000000000          0002485828563400000000000000000000000000000000000000000017
1022542123500018830940000316741000000                         00000001184801000000DM 00000000000000000000 01091106180017411217                    101217000000000294075630940011106180000000000000000000000000000000000000000000000000000000000000000000000000000000002940000000000000000000000000000000000000000000000000000010000000000000          0000580980162500000000000000000000000000000000000000000018
1022542123500018830940000316741000000                         00000001688601000000DM 00000000000000000000 01091106180029681217                    101217000000000349075630940011106180000000000000000000000000000000000000000000000000000000000000000000000000000000003490000000000000000000000000000000000000000000000000000010000000000000          0000270724966100000000000000000000000000000000000000000019
1022542123500018830940000316741000000                         00000001871501000000DM 00000000000000000000 01091106180030351217                    101217000000000349075630940011106180000000000000000000000000000000000000000000000000000000000000000000000000000000003490000000000000000000000000000000000000000000000000000010000000000000          0001014402069600000000000000000000000000000000000000000020
1022542123500018830940000316741000000                         00000002315201000000DM 00000000000000000000 01091106180015561217                    101217000000000294075630940011106180000000000000000000000000000000000000000000000000000000000000000000000000000000002940000000000000000000000000000000000000000000000000000010000000000000          0006112200961500000000000000000000000000000000000000000021
1022542123500018830940000316741000000                         00000000584601000000DM 00000000000000000000 01091106180008691217                    101217000000000294075630940011106180000000000000000000000000000000000000000000000000000000000000000000000000000000002940000000000000000000000000000000000000000000000000000010000000000000          0000027442861000000000000000000000000000000000000000000022
1022542123500018830940000316741000000                         00000001028301000000DM 00000000000000000000 01091106180024791217                    101217000000000349075630940011106180000000000000000000000000000000000000000000000000000000000000000000000000000000003490000000000000000000000000000000000000000000000000000010000000000000          0000302933999800000000000000000000000000000000000000000023
1022542123500018830940000316741000000                         00000002453401000000DM 00000000000000000000 01091106180006721217                    101217000000000294075630940011106180000000000000000000000000000000000000000000000000000000000000000000000000000000002940000000000000000000000000000000000000000000000000000010000000000000          0001612675069100000000000000000000000000000000000000000024
1022542123500018830940000316741000000                         00000002538501000000DM 00000000000000000000 01091106180030451217                    101217000000000349075630940011106180000000000000000000000000000000000000000000000000000000000000000000000000000000003490000000000000000000000000000000000000000000000000000010000000000000          0000956345263100000000000000000000000000000000000000000025
1022542123500018830940000316741000000                         00000002571901000000DM 00000000000000000000 01091106180029491217                    101217000000000349075630940011106180000000000000000000000000000000000000000000000000000000000000000000000000000000003490000000000000000000000000000000000000000000000000000010000000000000          0007246053964900000000000000000000000000000000000000000026
1022542123500018830940000316741000000                         00000003542401000000DM 00000000000000000000 01061106180022660618                    100618000000000374010400970011106180000250000000000000000000000000000000000000000000000000000000000000000000000000003740000000000000000000000000000000000000000000000000000010000000000000          0004170441060600000000000000000000000000000000000000000027
1022542123500018830940000316741000000                         00000003780801000000DM 00000000000000000000 01091106180030641217                    101217000000000349075630940011106180000000000000000000000000000000000000000000000000000000000000000000000000000000003490000000000000000000000000000000000000000000000000000010000000000000          0000507097947700000000000000000000000000000000000000000028
1022542123500018830940000316741000000                         00000003967501000000DM 00000000000000000000 01061106180026710618                    100618000000000374010400970011106180000250000000000000000000000000000000000000000000000000000000000000000000000000003740000000000000000000000000000000000000000000000000000010000000000000          0005764341515300000000000000000000000000000000000000000029
1022542123500018830940000316741000000                         00000002279101000000DM 00000000000000000000 01091106180014951217                    101217000000000294075630940011106180000000000000000000000000000000000000000000000000000000000000000000000000000000002940000000000000000000000000000000000000000000000000000010000000000000          0000136752462800000000000000000000000000000000000000000030
1022542123500018830940000316741000000                         00000002327001000000DM 00000000000000000000 01091106180004271217                    101217000000000294075630940011106180000000000000000000000000000000000000000000000000000000000000000000000000000000002940000000000000000000000000000000000000000000000000000010000000000000          0000329979965700000000000000000000000000000000000000000031
1022542123500018830940000316741000000                         00000001052001000000DM 00000000000000000000 01091106180025831217                    101217000000000349075630940011106180000000000000000000000000000000000000000000000000000000000000000000000000000000003490000000000000000000000000000000000000000000000000000010000000000000          0001065186460700000000000000000000000000000000000000000032
1022542123500018830940000316741000000                         00000001196601000000DM 00000000000000000000 01091106180017671217                    101217000000000294075630940011106180000000000000000000000000000000000000000000000000000000000000000000000000000000002940000000000000000000000000000000000000000000000000000010000000000000          0000314784764000000000000000000000000000000000000000000033
1022542123500018830940000316741000000                         00000001760201000000DM 00000000000000000000 01091106180029811217                    101217000000000349075630940011106180000000000000000000000000000000000000000000000000000000000000000000000000000000003490000000000000000000000000000000000000000000000000000010000000000000          0000866105069300000000000000000000000000000000000000000034
1022542123500018830940000316741000000                         00000000596401000000DM 00000000000000000000 01091106180008991217                    101217000000000294075630940011106180000000000000000000000000000000000000000000000000000000000000000000000000000000002940000000000000000000000000000000000000000000000000000010000000000000          0000537002561400000000000000000000000000000000000000000035
1022542123500018830940000316741000000                         00000000644301000000DM 00000000000000000000 01091106180005451217                    101217000000000294075630940011106180000000000000000000000000000000000000000000000000000000000000000000000000000000002940000000000000000000000000000000000000000000000000000010000000000000          0003013578866800000000000000000000000000000000000000000036
1022542123500018830940000316741000000                         00000001955901000000DM 00000000000000000000 01091106180025531217                    101217000000000349075630940011106180000000000000000000000000000000000000000000000000000000000000000000000000000000003490000000000000000000000000000000000000000000000000000010000000000000          0000588234869200000000000000000000000000000000000000000037
1022542123500018830940000316741000000                         00000002465201000000DM 00000000000000000000 01091106180028171217                    101217000000000349075630940011106180000000000000000000000000000000000000000000000000000000000000000000000000000000003490000000000000000000000000000000000000000000000000000010000000000000          0006612029269100000000000000000000000000000000000000000038
1022542123500018830940000316741000000                         00000002489901000000DM 00000000000000000000 01091106180029721217                    101217000000000319075630940011106180000000000000000000000000000000000000000000000000000000000000000000000000000000003190000000000000000000000000000000000000000000000000000010000000000000          0001294552163600000000000000000000000000000000000000000039
1022542123500018830940000316741000000                         00000002688501000000DM 00000000000000000000 01091106180030601217                    101217000000000349075630940011106180000000000000000000000000000000000000000000000000000000000000000000000000000000003490000000000000000000000000000000000000000000000000000010000000000000          0000310761760100000000000000000000000000000000000000000040
1022542123500018830940000316741000000                         00000003835801000000DM 00000000000000000000 01061106180030140618                    100618000000000374000113320011106180000250000000000000000000000000000000000000000000000000000000000000000000000000003740000000000000000000000000000000000000000000000000000010000000000000          0000506908968400000000000000000000000000000000000000000041
1022542123500018830940000316741000000                         00000003883101000000DM 00000000000000000000 01061106180025190618                    100618000000000374010407080011106180000250000000000000000000000000000000000000000000000000000000000000000000000000003740000000000000000000000000000000000000000000000000000010000000000000          0008540006863400000000000000000000000000000000000000000042
1022542123500018830940000316741000000                         00000004603801000000DM 00000000000000000000 01061106181000080518                    100618000000001047075630940011106180000250000000000000000000000000000000000000000000000000000000000000000000000000010470000000000000000000000000000000000000000000000000000010000000000000          3874637600011200000000000000000000000000000000000000000043
1022542123500018830940000316741000000                         00000001448801000000DM 00000000000000000000 01091106180027571217                    101217000000000319075630940011106180000000000000000000000000000000000000000000000000000000000000000000000000000000003190000000000000000000000000000000000000000000000000000010000000000000          0000699499364700000000000000000000000000000000000000000044
1022542123500018830940000316741000000                         00000001823101000000DM 00000000000000000000 01091106180030311217                    101217000000000349075630940011106180000000000000000000000000000000000000000000000000000000000000000000000000000000003490000000000000000000000000000000000000000000000000000010000000000000          0000848099966700000000000000000000000000000000000000000045
1022542123500018830940000316741000000                         00000001340801000000DM 00000000000000000000 01091106180022691217                    101217000000000349075630940011106180000000000000000000000000000000000000000000000000000000000000000000000000000000003490000000000000000000000000000000000000000000000000000010000000000000          0006307307269100000000000000000000000000000000000000000046
1022542123500018830940000316741000000                         00000001772001000000DM 00000000000000000000 01091106180030111217                    101217000000000349075630940011106180000000000000000000000000000000000000000000000000000000000000000000000000000000003490000000000000000000000000000000000000000000000000000010000000000000          0001104048469700000000000000000000000000000000000000000047
1022542123500018830940000316741000000                         00000001835001000000DM 00000000000000000000 01091106180030401217                    101217000000000349075630940011106180000000000000000000000000000000000000000000000000000000000000000000000000000000003490000000000000000000000000000000000000000000000000000010000000000000          0009240028064900000000000000000000000000000000000000000048
1022542123500018830940000316741000000                         00000001895101000000DM 00000000000000000000 01091106180030361217                    101217000000000349075630940011106180000000000000000000000000000000000000000000000000000000000000000000000000000000003490000000000000000000000000000000000000000000000000000010000000000000          0003618392060600000000000000000000000000000000000000000049
1022542123500018830940000316741000000                         00000000692701000000DM 00000000000000000000 01091106180009501217                    101217000000000294075630940011106180000000000000000000000000000000000000000000000000000000000000000000000000000000002940000000000000000000000000000000000000000000000000000010000000000000          0002436214069700000000000000000000000000000000000000000050
1022542123500018830940000316741000000                         00000000728701000000DM 00000000000000000000 01091106180010141217                    101217000000000349075630940011106180000000000000000000000000000000000000000000000000000000000000000000000000000000003490000000000000000000000000000000000000000000000000000010000000000000          0005764752663400000000000000000000000000000000000000000051
1022542123500018830940000316741000000                         00000000740601000000DM 00000000000000000000 01091106180010201217                    101217000000000349075630940011106180000000000000000000000000000000000000000000000000000000000000000000000000000000003490000000000000000000000000000000000000000000000000000010000000000000          0003616071763400000000000000000000000000000000000000000052
1022542123500018830940000316741000000                         00000002477001000000DM 00000000000000000000 01091106180026731217                    101217000000000349075630940011106180000000000000000000000000000000000000000000000000000000000000000000000000000000003490000000000000000000000000000000000000000000000000000010000000000000          0000945536569300000000000000000000000000000000000000000053
1022542123500018830940000316741000000                         00000002721401000000DM 00000000000000000000 01091106180030621217                    101217000000000349075630940011106180000000000000000000000000000000000000000000000000000000000000000000000000000000003490000000000000000000000000000000000000000000000000000010000000000000          0001347627260500000000000000000000000000000000000000000054
1022542123500018830940000316741000000                         00000004267101000000DM 00000000000000000000 01061106180030590618                    100618000000000374010400970011106180000250000000000000000000000000000000000000000000000000000000000000000000000000003740000000000000000000000000000000000000000000000000000010000000000000          0002738312160000000000000000000000000000000000000000000055
1022542123500018830940000316741000000                         00000004604501000000DM 00000000000000000000 01061106181000110518                    100618000000001734575630940011106180000250000000000000000000000000000000000000000000000000000000000000000000000000017345000000000000000000000000000000000000000000000000000010000000000000          3874637600038400000000000000000000000000000000000000000056
1022542123500018830940000316741000000                         00000000548001000000DM 00000000000000000000 01091106180001541217                    101217000000000294075630940011106180000000000000000000000000000000000000000000000000000000000000000000000000000000002940000000000000000000000000000000000000000000000000000010000000000000          0008246321269100000000000000000000000000000000000000000057
1022542123500018830940000316741000000                         00000001472501000000DM 00000000000000000000 01091106180027731217                    101217000000000349075630940011106180000000000000000000000000000000000000000000000000000000000000000000000000000000003490000000000000000000000000000000000000000000000000000010000000000000          0006612363169100000000000000000000000000000000000000000058
1022542123500018830940000316741000000                         00000002039301000000DM 00000000000000000000 01091106180025961217                    101217000000000349075630940011106180000000000000000000000000000000000000000000000000000000000000000000000000000000003490000000000000000000000000000000000000000000000000000010000000000000          0009277829168700000000000000000000000000000000000000000059
1022542123500018830940000316741000000                         00000002075901000000DM 00000000000000000000 01091106180026581217                    101217000000000349075630940011106180000000000000000000000000000000000000000000000000000000000000000000000000000000003490000000000000000000000000000000000000000000000000000010000000000000          0003032597862000000000000000000000000000000000000000000060
1022542123500018830940000316741000000                         00000002123801000000DM 00000000000000000000 01091106180026741217                    101217000000000349075630940011106180000000000000000000000000000000000000000000000000000000000000000000000000000000003490000000000000000000000000000000000000000000000000000010000000000000          0000954360460600000000000000000000000000000000000000000061
1022542123500018830940000316741000000                         00000001352601000000DM 00000000000000000000 01091106180022731217                    101217000000000349075630940011106180000000000000000000000000000000000000000000000000000000000000000000000000000000003490000000000000000000000000000000000000000000000000000010000000000000          0008144163060000000000000000000000000000000000000000000062
1022542123500018830940000316741000000                         00000001400501000000DM 00000000000000000000 01091106180023331217                    101217000000000349075630940011106180000000000000000000000000000000000000000000000000000000000000000000000000000000003490000000000000000000000000000000000000000000000000000010000000000000          0005961869865300000000000000000000000000000000000000000063
1022542123500018830940000316741000000                         00000001907501000000DM 00000000000000000000 01091106180030381217                    101217000000000349075630940011106180000000000000000000000000000000000000000000000000000000000000000000000000000000003490000000000000000000000000000000000000000000000000000010000000000000          0000390944564000000000000000000000000000000000000000000064
1022542123500018830940000316741000000                         00000002343901000000DM 00000000000000000000 01091106180011101217                    101217000000000294075630940011106180000000000000000000000000000000000000000000000000000000000000000000000000000000002940000000000000000000000000000000000000000000000000000010000000000000          0005856618068200000000000000000000000000000000000000000065
1022542123500018830940000316741000000                         00000000752401000000DM 00000000000000000000 01091106180010211217                    101217000000000294075630940011106180000000000000000000000000000000000000000000000000000000000000000000000000000000002940000000000000000000000000000000000000000000000000000010000000000000          0007187518269100000000000000000000000000000000000000000066
1022542123500018830940000316741000000                         00000001979501000000DM 00000000000000000000 01091106180025771217                    101217000000000349075630940011106180000000000000000000000000000000000000000000000000000000000000000000000000000000003490000000000000000000000000000000000000000000000000000010000000000000          0003225644269100000000000000000000000000000000000000000067
1022542123500018830940000316741000000                         00000001991401000000DM 00000000000000000000 01091106180025801217                    101217000000000349075630940011106180000000000000000000000000000000000000000000000000000000000000000000000000000000003490000000000000000000000000000000000000000000000000000010000000000000          0007188615063000000000000000000000000000000000000000000068
1022542123500018830940000316741000000                         00000002003901000000DM 00000000000000000000 01091106180025921217                    101217000000000349075630940011106180000000000000000000000000000000000000000000000000000000000000000000000000000000003490000000000000000000000000000000000000000000000000000010000000000000          0009838358266800000000000000000000000000000000000000000069
1022542123500018830940000316741000000                         00000002440901000000DM 00000000000000000000 01091106180026591217                    101217000000000349075630940011106180000000000000000000000000000000000000000000000000000000000000000000000000000000003490000000000000000000000000000000000000000000000000000010000000000000          0001014914566700000000000000000000000000000000000000000070
1022542123500018830940000316741000000                         00000002560801000000DM 00000000000000000000 01091106180004911217                    101217000000000294075630940011106180000000000000000000000000000000000000000000000000000000000000000000000000000000002940000000000000000000000000000000000000000000000000000010000000000000          0002624052160400000000000000000000000000000000000000000071
1022542123500018830940000316741000000                         00000002759301000000DM 00000000000000000000 01061106180000410618                    100618000000000324010400970011106180000250000000000000000000000000000000000000000000000000000000000000000000000000003240000000000000000000000000000000000000000000000000000010000000000000          0000565324365500000000000000000000000000000000000000000072
1022542123500018830940000316741000000                         00000002925701000000DM 00000000000000000000 01091106180001271217                    101217000000000324075630940011106180000000000000000000000000000000000000000000000000000000000000000000000000000000003240000000000000000000000000000000000000000000000000000010000000000000          0000557190363500000000000000000000000000000000000000000073
1022542123500018830940000316741000000                         00000004447801000000DM 00000000000000000000 01091106180030660118                    121217000000000824075630940011106180000000000000000000000000000000000000000000000000000000000000000000000000000000008240000000000000000000000000000000000000000000000000000010000000000000          0000927428865400000000000000000000000000000000000000000074
1022542123500018830940000316741000000                         00000004605201000000DM 00000000000000000000 01061106181000140518                    100618000000000349075630940011106180000250000000000000000000000000000000000000000000000000000000000000000000000000003490000000000000000000000000000000000000000000000000000010000000000000          3874637600046500000000000000000000000000000000000000000075
1022542123500018830940000316741000000                         00000000812101000000DM 00000000000000000000 01091106180011031217                    101217000000000294075630940011106180000000000000000000000000000000000000000000000000000000000000000000000000000000002940000000000000000000000000000000000000000000000000000010000000000000          0008715135969100000000000000000000000000000000000000000076
1022542123500018830940000316741000000                         00000000836801000000DM 00000000000000000000 01091106180011231217                    101217000000000294075630940011106180000000000000000000000000000000000000000000000000000000000000000000000000000000002940000000000000000000000000000000000000000000000000000010000000000000          0000702724661900000000000000000000000000000000000000000077
1022542123500018830940000316741000000                         00000000197401000000DM 00000000000000000000 01091106180002471217                    101217000000000294075630940011106180000000000000000000000000000000000000000000000000000000000000000000000000000000002940000000000000000000000000000000000000000000000000000010000000000000          0000356167569700000000000000000000000000000000000000000078
1022542123500018830940000316741000000                         00000000125401000000DM 00000000000000000000 01091106180000481217                    101217000000000294075630940011106180000000000000000000000000000000000000000000000000000000000000000000000000000000002940000000000000000000000000000000000000000000000000000010000000000000          0005239992363400000000000000000000000000000000000000000079
1022542123500018830940000316741000000                         00000000245301000000DM 00000000000000000000 01091106180003301217                    101217000000000294075630940011106180000000000000000000000000000000000000000000000000000000000000000000000000000000002940000000000000000000000000000000000000000000000000000010000000000000          0000916024261200000000000000000000000000000000000000000080
1022542123500018830940000316741000000                         00000000281901000000DM 00000000000000000000 01091106180004111217                    101217000000000349075630940011106180000000000000000000000000000000000000000000000000000000000000000000000000000000003490000000000000000000000000000000000000000000000000000010000000000000          0007246051260000000000000000000000000000000000000000000081
1022542123500018830940000316741000000                         00000000317901000000DM 00000000000000000000 01091106180004231217                    101217000000000294075630940011106180000000000000000000000000000000000000000000000000000000000000000000000000000000002940000000000000000000000000000000000000000000000000000010000000000000          0005724833867200000000000000000000000000000000000000000082
1022542123500018830940000316741000000                         00000000414901000000DM 00000000000000000000 01091106180006791217                    101217000000000349075630940011106180000000000000000000000000000000000000000000000000000000000000000000000000000000003490000000000000000000000000000000000000000000000000000010000000000000          0003619380163400000000000000000000000000000000000000000083
1022542123500018830940000316741000000                         00000000486901000000DM 00000000000000000000 01091106180007431217                    101217000000000294075630940011106180000000000000000000000000000000000000000000000000000000000000000000000000000000002940000000000000000000000000000000000000000000000000000010000000000000          0000653259166100000000000000000000000000000000000000000084
1022542123500018830940000316741000000                         00000000956701000000DM 00000000000000000000 01091106180013891217                    101217000000000294075630940011106180000000000000000000000000000000000000000000000000000000000000000000000000000000002940000000000000000000000000000000000000000000000000000010000000000000          0000690262868800000000000000000000000000000000000000000085
1022542123500018830940000316741000000                         00000001364401000000DM 00000000000000000000 01091106180022821217                    101217000000000294075630940011106180000000000000000000000000000000000000000000000000000000000000000000000000000000002940000000000000000000000000000000000000000000000000000010000000000000          0007188059365300000000000000000000000000000000000000000086
1022542123500018830940000316741000000                         00000001931201000000DM 00000000000000000000 01091106180025201217                    101217000000000349075630940011106180000000000000000000000000000000000000000000000000000000000000000000000000000000003490000000000000000000000000000000000000000000000000000010000000000000          0003021597866800000000000000000000000000000000000000000087
1022542123500018830940000316741000000                         00000002355701000000DM 00000000000000000000 01091106180029791217                    101217000000000349075630940011106180000000000000000000000000000000000000000000000000000000000000000000000000000000003490000000000000000000000000000000000000000000000000000010000000000000          0000858497662000000000000000000000000000000000000000000088
1022542123500018830940000316741000000                         00000000788901000000DM 00000000000000000000 01091106180010741217                    101217000000000349075630940011106180000000000000000000000000000000000000000000000000000000000000000000000000000000003490000000000000000000000000000000000000000000000000000010000000000000          0008537504769100000000000000000000000000000000000000000089
1022542123500018830940000316741000000                         00000002135601000000DM 00000000000000000000 01091106180026751217                    101217000000000349075630940011106180000000000000000000000000000000000000000000000000000000000000000000000000000000003490000000000000000000000000000000000000000000000000000010000000000000          0001130201368800000000000000000000000000000000000000000090
1022542123500018830940000316741000000                         00000002403601000000DM 00000000000000000000 01091106180009991217                    101217000000000294075630940011106180000000000000000000000000000000000000000000000000000000000000000000000000000000002940000000000000000000000000000000000000000000000000000010000000000000          0007875360064900000000000000000000000000000000000000000091
1022542123500018830940000316741000000                         00000002513101000000DM 00000000000000000000 01091106180030431217                    101217000000000349075630940011106180000000000000000000000000000000000000000000000000000000000000000000000000000000003490000000000000000000000000000000000000000000000000000010000000000000          0000394635469600000000000000000000000000000000000000000092
1022542123500018830940000316741000000                         00000002525001000000DM 00000000000000000000 01091106180030441217                    101217000000000349075630940011106180000000000000000000000000000000000000000000000000000000000000000000000000000000003490000000000000000000000000000000000000000000000000000010000000000000          0000119164868000000000000000000000000000000000000000000093
1022542123500018830940000316741000000                         00000003614001000000DM 00000000000000000000 01061106180028150618                    100618000000000374010400970011106180000250000000000000000000000000000000000000000000000000000000000000000000000000003740000000000000000000000000000000000000000000000000000010000000000000          0001026372666500000000000000000000000000000000000000000094
1022542123500018830940000316741000000                         00000003686001000000DM 00000000000000000000 01061106180028970618                    100618000000000374010400970011106180000250000000000000000000000000000000000000000000000000000000000000000000000000003740000000000000000000000000000000000000000000000000000010000000000000          0005968516666800000000000000000000000000000000000000000095
1022542123500018830940000316741000000                         00000003040001000000DM 00000000000000000000 01061106180004160718                    100718000000000324034109440011106180000250000000000000000000000000000000000000000000000000000000000000000000000000003240000000000000000000000000000000000000000000000000000010000000000000          0009147587261500000000000000000000000000000000000000000096
1022542123500018830940000316741000000                         00000003303301000000DM 00000000000000000000 01061106180012340618                    100618000000000324010400970011106180000250000000000000000000000000000000000000000000000000000000000000000000000000003240000000000000000000000000000000000000000000000000000010000000000000          0008461066260400000000000000000000000000000000000000000097
1022542123500018830940000316741000000                         00000003722001000000DM 00000000000000000000 01061106180029220618                    100618000000000374000102100011106180000250000000000000000000000000000000000000000000000000000000000000000000000000003740000000000000000000000000000000000000000000000000000010000000000000          0005554795862000000000000000000000000000000000000000000098
1022542123500018830940000316741000000                         00000000233501000000DM 00000000000000000000 01091106180003211217                    101217000000000294075630940011106180000000000000000000000000000000000000000000000000000000000000000000000000000000002940000000000000000000000000000000000000000000000000000010000000000000          0001995483265300000000000000000000000000000000000000000099
1022542123500018830940000316741000000                         00000001004701000000DM 00000000000000000000 01091106180024541217                    101217000000000349075630940011106180000000000000000000000000000000000000000000000000000000000000000000000000000000003490000000000000000000000000000000000000000000000000000010000000000000          0000847276465600000000000000000000000000000000000000000100
1022542123500018830940000316741000000                         00000001520401000000DM 00000000000000000000 01091106180028311217                    101217000000000349075630940011106180000000000000000000000000000000000000000000000000000000000000000000000000000000003490000000000000000000000000000000000000000000000000000010000000000000          0000512998361000000000000000000000000000000000000000000101
1022542123500018830940000316741000000                         00000000944901000000DM 00000000000000000000 01091106180013511217                    101217000000000294075630940011106180000000000000000000000000000000000000000000000000000000000000000000000000000000002940000000000000000000000000000000000000000000000000000010000000000000          0009006468266800000000000000000000000000000000000000000102
1022542123500018830940000316741000000                         00000001076701000000DM 00000000000000000000 01091106180015681217                    101217000000000294075630940011106180000000000000000000000000000000000000000000000000000000000000000000000000000000002940000000000000000000000000000000000000000000000000000010000000000000          0009028457763400000000000000000000000000000000000000000103
1022542123500018830940000316741000000                         00000001628401000000DM 00000000000000000000 01091106180029161217                    101217000000000349075630940011106180000000000000000000000000000000000000000000000000000000000000000000000000000000003490000000000000000000000000000000000000000000000000000010000000000000          0001248442318700000000000000000000000000000000000000000104
1022542123500018830940000316741000000                         00000002171101000000DM 00000000000000000000 01091106180027001217                    101217000000000349075630940011106180000000000000000000000000000000000000000000000000000000000000000000000000000000003490000000000000000000000000000000000000000000000000000010000000000000          0000487456467400000000000000000000000000000000000000000105
1022542123500018830940000316741000000                         00000002159201000000DM 00000000000000000000 01091106180026891217                    101217000000000349075630940011106180000000000000000000000000000000000000000000000000000000000000000000000000000000003490000000000000000000000000000000000000000000000000000010000000000000          0000027534863600000000000000000000000000000000000000000106
1022542123500018830940000316741000000                         00000002207101000000DM 00000000000000000000 01091106180027361217                    101217000000000349075630940011106180000000000000000000000000000000000000000000000000000000000000000000000000000000003490000000000000000000000000000000000000000000000000000010000000000000          0006724457262000000000000000000000000000000000000000000107
1022542123500018830940000316741000000                         00000002219001000000DM 00000000000000000000 01091106180014421217                    101217000000000294075630940011106180000000000000000000000000000000000000000000000000000000000000000000000000000000002940000000000000000000000000000000000000000000000000000010000000000000          0000534757766500000000000000000000000000000000000000000108
1022542123500018830940000316741000000                         00000002379301000000DM 00000000000000000000 01091106180025311217                    101217000000000349075630940011106180000000000000000000000000000000000000000000000000000000000000000000000000000000003490000000000000000000000000000000000000000000000000000010000000000000          0000797618260900000000000000000000000000000000000000000109
1022542123500018830940000316741000000                         00000002391201000000DM 00000000000000000000 01091106180002361217                    101217000000000349075630940011106180000000000000000000000000000000000000000000000000000000000000000000000000000000003490000000000000000000000000000000000000000000000000000010000000000000          0000569370264200000000000000000000000000000000000000000110
1022542123500018830940000316741000000                         00000001303501000000DM 00000000000000000000 01091106180030201117                    101217000000000319075630940011106180000000000000000000000000000000000000000000000000000000000000000000000000000000003190000000000000000000000000000000000000000000000000000010000000000000          0000859660265800000000000000000000000000000000000000000111
1022542123500018830940000316741000000                         00000002665601000000DM 00000000000000000000 01091106180030571217                    101217000000000349075630940011106180000000000000000000000000000000000000000000000000000000000000000000000000000000003490000000000000000000000000000000000000000000000000000010000000000000          0007555846764900000000000000000000000000000000000000000112
1022542123500018830940000316741000000                         00000002707001000000DM 00000000000000000000 01091106180030611217                    101217000000000349075630940011106180000000000000000000000000000000000000000000000000000000000000000000000000000000003490000000000000000000000000000000000000000000000000000010000000000000          0001017077665400000000000000000000000000000000000000000113
1022542123500018830940000316741000000                         00000002807201000000DM 00000000000000000000 01061106180002560618                    100618000000000324023716910011106180000250000000000000000000000000000000000000000000000000000000000000000000000000003240000000000000000000000000000000000000000000000000000010000000000000          0000474784860600000000000000000000000000000000000000000114
1022542123500018830940000316741000000                         00000003650501000000DM 00000000000000000000 01061106180028810618                    100618000000000374010400970011106180000250000000000000000000000000000000000000000000000000000000000000000000000000003740000000000000000000000000000000000000000000000000000010000000000000          0002729612165300000000000000000000000000000000000000000115
1022542123500018830940000316741000000                         00000004135401000000DM 00000000000000000000 01061106180027500618                    100618000000000374010400970011106180000250000000000000000000000000000000000000000000000000000000000000000000000000003740000000000000000000000000000000000000000000000000000010000000000000          0000282899960200000000000000000000000000000000000000000116
1022542123500018830940000316741000000                         00000000221701000000DM 00000000000000000000 01091106180003181217                    101217000000000294075630940011106180000000000000000000000000000000000000000000000000000000000000000000000000000000002940000000000000000000000000000000000000000000000000000010000000000000          0000949559261500000000000000000000000000000000000000000117
1022542123500018830940000316741000000                         00000000137201000000DM 00000000000000000000 01091106180000601217                    101217000000000349075630940011106180000000000000000000000000000000000000000000000000000000000000000000000000000000003490000000000000000000000000000000000000000000000000000010000000000000          0005496202167200000000000000000000000000000000000000000118
1022542123500018830940000316741000000                         00000001424101000000DM 00000000000000000000 01091106180023621217                    101217000000000294075630940011106180000000000000000000000000000000000000000000000000000000000000000000000000000000002940000000000000000000000000000000000000000000000000000010000000000000          0009217048054400000000000000000000000000000000000000000119
1022542123500018830940000316741000000                         00000001436001000000DM 00000000000000000000 01091106180023871217                    101217000000000349075630940011106180000000000000000000000000000000000000000000000000000000000000000000000000000000003490000000000000000000000000000000000000000000000000000010000000000000          0009654065665300000000000000000000000000000000000000000120
1022542123500018830940000316741000000                         00000001460701000000DM 00000000000000000000 01091106180027701217                    101217000000000349075630940011106180000000000000000000000000000000000000000000000000000000000000000000000000000000003490000000000000000000000000000000000000000000000000000010000000000000          0000890660760100000000000000000000000000000000000000000121
1022542123500018830940000316741000000                         00000000293701000000DM 00000000000000000000 01091106180004141217                    101217000000000349075630940011106180000000000000000000000000000000000000000000000000000000000000000000000000000000003490000000000000000000000000000000000000000000000000000010000000000000          0000303613564200000000000000000000000000000000000000000122
1022542123500018830940000316741000000                         00000000402001000000DM 00000000000000000000 01091106180006511217                    101217000000000294075630940011106180000000000000000000000000000000000000000000000000000000000000000000000000000000002940000000000000000000000000000000000000000000000000000010000000000000          0006345744697000000000000000000000000000000000000000000123
1022542123500018830940000316741000000                         00000000426701000000DM 00000000000000000000 01091106180007011217                    101217000000000294075630940011106180000000000000000000000000000000000000000000000000000000000000000000000000000000002940000000000000000000000000000000000000000000000000000010000000000000          0006529267760400000000000000000000000000000000000000000124
1022542123500018830940000316741000000                         00000000498701000000DM 00000000000000000000 01091106180007691217                    101217000000000294075630940011106180000000000000000000000000000000000000000000000000000000000000000000000000000000002940000000000000000000000000000000000000000000000000000010000000000000          0000557136962000000000000000000000000000000000000000000125
1022542123500018830940000316741000000                         00000000980401000000DM 00000000000000000000 01091106180024351217                    101217000000000294075630940011106180000000000000000000000000000000000000000000000000000000000000000000000000000000002940000000000000000000000000000000000000000000000000000010000000000000          0008566563069100000000000000000000000000000000000000000126
1022542123500018830940000316741000000                         00000001376201000000DM 00000000000000000000 01091106180023041217                    101217000000000349075630940011106180000000000000000000000000000000000000000000000000000000000000000000000000000000003490000000000000000000000000000000000000000000000000000010000000000000          0004225353567200000000000000000000000000000000000000000127
1022542123500018830940000316741000000                         00000001580601000000DM 00000000000000000000 01091106180028941217                    101217000000000349075630940011106180000000000000000000000000000000000000000000000000000000000000000000000000000000003490000000000000000000000000000000000000000000000000000010000000000000          0007004592561500000000000000000000000000000000000000000128
1022542123500018830940000316741000000                         00000001616601000000DM 00000000000000000000 01091106180029021217                    101217000000000349075630940011106180000000000000000000000000000000000000000000000000000000000000000000000000000000003490000000000000000000000000000000000000000000000000000010000000000000          0001042612960100000000000000000000000000000000000000000129
1022542123500018830940000316741000000                         00000001943001000000DM 00000000000000000000 01091106180025421217                    101217000000000349075630940011106180000000000000000000000000000000000000000000000000000000000000000000000000000000003490000000000000000000000000000000000000000000000000000010000000000000          0002891803760000000000000000000000000000000000000000000130
1022542123500018830940000316741000000                         00000002415401000000DM 00000000000000000000 01091106180015601217                    101217000000000294075630940011106180000000000000000000000000000000000000000000000000000000000000000000000000000000002940000000000000000000000000000000000000000000000000000010000000000000          0000477735789900000000000000000000000000000000000000000131
1022542123500018830940000316741000000                         00000000474001000000DM 00000000000000000000 01091106180007401217                    101217000000000294075630940011106180000000000000000000000000000000000000000000000000000000000000000000000000000000002940000000000000000000000000000000000000000000000000000010000000000000          0005051206417200000000000000000000000000000000000000000132
1022542123500018830940000316741000000                         00000000366001000000DM 00000000000000000000 01091106180030411217                    101217000000000349075630940011106180000000000000000000000000000000000000000000000000000000000000000000000000000000003490000000000000000000000000000000000000000000000000000010000000000000          0006919796260000000000000000000000000000000000000000000133
1022542123500018830940000316741000000                         00000002741101000000DM 00000000000000000000 01091106180000081217                    101217000000000294075630940011106180000000000000000000000000000000000000000000000000000000000000000000000000000000002940000000000000000000000000000000000000000000000000000010000000000000          0000551747781000000000000000000000000000000000000000000134
1022542123500018830940000316741000000                         00000003027401000000DM 00000000000000000000 01061106180008390618                    100618000000000324010400970011106180000250000000000000000000000000000000000000000000000000000000000000000000000000003240000000000000000000000000000000000000000000000000000010000000000000          0004904386264900000000000000000000000000000000000000000135
1022542123500018830940000316741000000                         00000003099401000000DM 00000000000000000000 01061106180009010618                    100618000000000324010400970011106180000250000000000000000000000000000000000000000000000000000000000000000000000000003240000000000000000000000000000000000000000000000000000010000000000000          0009470166060400000000000000000000000000000000000000000136
1022542123500018830940000316741000000                         00000003111901000000DM 00000000000000000000 01061106180005350618                    100618000000000324010400970011106180000250000000000000000000000000000000000000000000000000000000000000000000000000003240000000000000000000000000000000000000000000000000000010000000000000          0000659773163800000000000000000000000000000000000000000137
1022542123500018830940000316741000000                         00000003147301000000DM 00000000000000000000 01061106180005930618                    100618000000000324010400970011106180000250000000000000000000000000000000000000000000000000000000000000000000000000003240000000000000000000000000000000000000000000000000000010000000000000          0003023575860400000000000000000000000000000000000000000138
1022542123500018830940000316741000000                         00000003183901000000DM 00000000000000000000 01061106180009450618                    100618000000000324010400970011106180000250000000000000000000000000000000000000000000000000000000000000000000000000003240000000000000000000000000000000000000000000000000000010000000000000          0009277825960000000000000000000000000000000000000000000139
1022542123500018830940000316741000000                         00000004606001000000DM 00000000000000000000 01061106181000210518                    100618000000000526575640790011106180000250000000000000000000000000000000000000000000000000000000000000000000000000005265000000000000000000000000000000000000000000000000000010000000000000          6522717500018100000000000000000000000000000000000000000140
9027563094SICOOB CREDIARA          RUA MARIA RITA DE AGUIAR                          CENTRO                        38183236ARAXÁ                         MG130620180000013900000000113                                                                                                                                                                                                                    000141
