02RETORNO01COBRANÇA       30940000327964316741J REZENDE - ME                756 - BANCOOB S/A 1106180000234                                                                                                                                                                                                                                                                                               000001
1022542123500018830940000316741000000                         00000003495201000000DM 00000000000000000000 01060706180017220618                    100618000000000324010400970010706180000250000000000000000000000000000000000000000000000000000000000000000000000000003240000000000000000000000000000000000000000000000000000010000000000000          0000326379860000000000000000000000000000000000000000000002
1022542123500018830940000316741000000                         00000003955701000000DM 00000000000000000000 01060806180026650618                    100618000000000374034109440010806180000250000000000000000000000000000000000000000000000000000000000000000000000000003740000000000000000000000000000000000000000000000000000010000000000000          0000694769266000000000000000000000000000000000000000000003
1022542123500018830940000316741000000                         00000004499001000000DM 00000000000000000000 01060806180030680618                    100618000000000374010400970010806180000250000000000000000000000000000000000000000000000000000000000000000000000000003740000000000000000000000000000000000000000000000000000010000000000000          0000377887650300000000000000000000000000000000000000000004
1022542123500018830940000316741000000                         00000003254701000000DM 00000000000000000000 01060706180011060518                    100518000000000324010400970010706180000250000000000000000000000000000000000000000000000000000000000000000000000000003273000000000003300000000000000000000000000000000000000010000000000000          0000306014564400000000000000000000000000000000000000000005
1022542123500018830940000316741000000                         00000004111801000000DM 00000000000000000000 01060806180015230618                    100618000000000324034184810010806180000250000000000000000000000000000000000000000000000000000000000000000000000000003240000000000000000000000000000000000000000000000000000010000000000000          0003225778362000000000000000000000000000000000000000000006
1022542123500018830940000316741000000                         00000002903501000000DM 00000000000000000000 01060706180004530618                    100618000000000374010400970010706180000250000000000000000000000000000000000000000000000000000000000000000000000000003740000000000000000000000000000000000000000000000000000010000000000000          0000786278560600000000000000000000000000000000000000000007
1022542123500018830940000316741000000                         00000004003701000000DM 00000000000000000000 01060606180026860618                    100618000000000374010400970010606180000250000000000000000000000000000000000000000000000000000000000000000000000000003740000000000000000000000000000000000000000000000000000010000000000000          0003407094060000000000000000000000000000000000000000000008
1022542123500018830940000316741000000                         00000004123601000000DM 00000000000000000000 01060806180004270618                    100618000000000324010400970010806180000250000000000000000000000000000000000000000000000000000000000000000000000000003240000000000000000000000000000000000000000000000000000010000000000000          0000329979965700000000000000000000000000000000000000000009
1022542123500018830940000316741000000                         00000003252201000000DM 00000000000000000000 01060706180011060318                    100318000000000324010400970010706180000250000000000000000000000000000000000000000000000000000000000000000000000000003341000000000010100000000000000000000000000000000000000010000000000000          0000306014564400000000000000000000000000000000000000000010
1022542123500018830940000316741000000                         00000003255401000000DM 00000000000000000000 01060806180011060618                    100618000000000324034184810010806180000250000000000000000000000000000000000000000000000000000000000000000000000000003240000000000000000000000000000000000000000000000000000010000000000000          0000306014564400000000000000000000000000000000000000000011
1022542123500018830940000316741000000                         00000003698801000000DM 00000000000000000000 01060706180029010618                    100618000000000374010400970010706180000250000000000000000000000000000000000000000000000000000000000000000000000000003740000000000000000000000000000000000000000000000000000010000000000000          0002483652468700000000000000000000000000000000000000000012
1022542123500018830940000316741000000                         00000003871301000000DM 00000000000000000000 01060706180025270618                    100618000000000374010400970010706180000250000000000000000000000000000000000000000000000000000000000000000000000000003740000000000000000000000000000000000000000000000000000010000000000000          0000677178867900000000000000000000000000000000000000000013
1022542123500018830940000316741000000                         00000003674101000000DM 00000000000000000000 01060606180028890618                    100618000000000374010400970010606180000250000000000000000000000000000000000000000000000000000000000000000000000000003740000000000000000000000000000000000000000000000000000010000000000000          0000564891363000000000000000000000000000000000000000000014
1022542123500018830940000316741000000                         00000004159001000000DM 00000000000000000000 01060506180002360618                    100618000000000374010400970010506180000250000000000000000000000000000000000000000000000000000000000000000000000000003740000000000000000000000000000000000000000000000000000010000000000000          0000569370264200000000000000000000000000000000000000000015
1022542123500018830940000316741000000                         00000002783001000000DM 00000000000000000000 01060706180001520618                    100618000000000324010400970010706180000250000000000000000000000000000000000000000000000000000000000000000000000000003240000000000000000000000000000000000000000000000000000010000000000000          0000719132169500000000000000000000000000000000000000000016
1022542123500018830940000316741000000                         00000002855601000000DM 00000000000000000000 01060806180004140618                    100618000000000374000102100010806180000250000000000000000000000000000000000000000000000000000000000000000000000000003740000000000000000000000000000000000000000000000000000010000000000000          0000303613564200000000000000000000000000000000000000000017
1022542123500018830940000316741000000                         00000002867401000000DM 00000000000000000000 01060606180004220618                    100618000000000324010400970010606180000250000000000000000000000000000000000000000000000000000000000000000000000000003240000000000000000000000000000000000000000000000000000010000000000000          0007415855469100000000000000000000000000000000000000000018
1022542123500018830940000316741000000                         00000003231801000000DM 00000000000000000000 01060806180010210618                    100618000000000324010400970010806180000250000000000000000000000000000000000000000000000000000000000000000000000000003240000000000000000000000000000000000000000000000000000010000000000000          0007187518269100000000000000000000000000000000000000000019
1022542123500018830940000316741000000                         00000003363501000000DM 00000000000000000000 01060806180024530618                    100618000000000374010400970010806180000250000000000000000000000000000000000000000000000000000000000000000000000000003740000000000000000000000000000000000000000000000000000010000000000000          0003607094764900000000000000000000000000000000000000000020
1022542123500018830940000316741000000                         00000004099301000000DM 00000000000000000000 01060806180014950618                    100618000000000324010400970010806180000250000000000000000000000000000000000000000000000000000000000000000000000000003240000000000000000000000000000000000000000000000000000010000000000000          0000136752462800000000000000000000000000000000000000000021
1022542123500018830940000316741000000                         00000003662301000000DM 00000000000000000000 01060806180028820618                    100618000000000374010400970010806180000250000000000000000000000000000000000000000000000000000000000000000000000000003740000000000000000000000000000000000000000000000000000010000000000000          0002486093060600000000000000000000000000000000000000000022
1022542123500018830940000316741000000                         00000003159101000000DM 00000000000000000000 01060606180006480618                    100618000000000374010400970010606180000250000000000000000000000000000000000000000000000000000000000000000000000000003740000000000000000000000000000000000000000000000000000010000000000000          0001612677762000000000000000000000000000000000000000000023
1022542123500018830940000316741000000                         00000003195701000000DM 00000000000000000000 01060706180009530618                    100618000000000324003334670010706180000250000000000000000000000000000000000000000000000000000000000000000000000000003240000000000000000000000000000000000000000000000000000010000000000000          0004361846464900000000000000000000000000000000000000000024
1022542123500018830940000316741000000                         00000003638601000000DM 00000000000000000000 01060606180028160618                    100618000000000374010400970010606180000250000000000000000000000000000000000000000000000000000000000000000000000000003740000000000000000000000000000000000000000000000000000010000000000000          0008257197068200000000000000000000000000000000000000000025
1022542123500018830940000316741000000                         00000003758501000000DM 00000000000000000000 01060806180029700618                    100618000000000374010400970010806180000250000000000000000000000000000000000000000000000000000000000000000000000000003740000000000000000000000000000000000000000000000000000010000000000000          0000214486281800000000000000000000000000000000000000000026
1022542123500018830940000316741000000                         00000004087501000000DM 00000000000000000000 01060706180014700618                    100618000000000324010400970010706180000250000000000000000000000000000000000000000000000000000000000000000000000000003240000000000000000000000000000000000000000000000000000010000000000000          0008318973461500000000000000000000000000000000000000000027
1022542123500018830940000316741000000                         00000003124401000000DM 00000000000000000000 01060806180005190718                    100718000000000324010400970010806180000250000000000000000000000000000000000000000000000000000000000000000000000000003240000000000000000000000000000000000000000000000000000010000000000000          0007188477760000000000000000000000000000000000000000000028
1022542123500018830940000316741000000                         00000004607701000000DM 00000000000000000000 01060706181000180518                    100618000000006929234184810010706180000250000000000000000000000000000000000000000000000000000000000000000000000000069292000000000000000000000000000000000000000000000000000010000000000000          1823706600016500000000000000000000000000000000000000000029
1022542123500018830940000316741000000                         00000003507601000000DM 00000000000000000000 01060806180017340618                    100618000000000324010400970010806180000250000000000000000000000000000000000000000000000000000000000000000000000000003240000000000000000000000000000000000000000000000000000010000000000000          0006300667766800000000000000000000000000000000000000000030
1022542123500018830940000316741000000                         00000003315101000000DM 00000000000000000000 01060806180013270618                    100618000000000324010400970010806180000250000000000000000000000000000000000000000000000000000000000000000000000000003240000000000000000000000000000000000000000000000000000010000000000000          0005974586069700000000000000000000000000000000000000000031
1022542123500018830940000316741000000                         00000003459701000000DM 00000000000000000000 01060606180015980618                    100618000000000324010400970010606180000250000000000000000000000000000000000000000000000000000000000000000000000000003240000000000000000000000000000000000000000000000000000010000000000000          0007886934067800000000000000000000000000000000000000000032
1022542123500018830940000316741000000                         00000003471601000000DM 00000000000000000000 01060806180016360618                    100618000000000374010400970010806180000250000000000000000000000000000000000000000000000000000000000000000000000000003740000000000000000000000000000000000000000000000000000010000000000000          0004340692069100000000000000000000000000000000000000000033
1022542123500018830940000316741000000                         00000004255301000000DM 00000000000000000000 01060806180029060618                    100618000000000374010400970010806180000250000000000000000000000000000000000000000000000000000000000000000000000000003740000000000000000000000000000000000000000000000000000010000000000000          0007331229087200000000000000000000000000000000000000000034
1022542123500018830940000316741000000                         00000002795901000000DM 00000000000000000000 01060606180002470618                    100618000000000324010400970010606180000250000000000000000000000000000000000000000000000000000000000000000000000000003240000000000000000000000000000000000000000000000000000010000000000000          0000356167569700000000000000000000000000000000000000000035
1022542123500018830940000316741000000                         00000002843801000000DM 00000000000000000000 01060606180004110618                    100618000000000374010400970010606180000250000000000000000000000000000000000000000000000000000000000000000000000000003740000000000000000000000000000000000000000000000000000010000000000000          0007246051260000000000000000000000000000000000000000000036
1022542123500018830940000316741000000                         00000004523301000000DM 00000000000000000000 01060706180025540618                    100618000000000349003334670010706180000250000000000000000000000000000000000000000000000000000000000000000000000000003490000000000000000000000000000000000000000000000000000010000000000000          0006612599561500000000000000000000000000000000000000000037
9027563094SICOOB CREDIARA          RUA MARIA RITA DE AGUIAR                          CENTRO                        38183236ARAXÁ                         MG110620180000003600000000113                                                                                                                                                                                                                    000038
