02RETORNO01COBRANÇA       30940000327964316741J REZENDE - ME                756 - BANCOOB S/A 1302170000046                                                                                                                                                                                                                                                                                               000001
1022542123500018830940000316741000000                         00000002089101000000DM 00000000000000000000 01061002170026650217                    100217000000000349034109440011002170000250000000000000000000000000000000000000000000000000000000000000000000000000003490000000000000000000000000000000000000000000000000000010000000000000          0000694769266000000000000000000000000000000000000000000002
1022542123500018830940000316741000000                         00000002209601000000DM 00000000000000000000 01061002170014420217                    100217000000000294010400970011002170000250000000000000000000000000000000000000000000000000000000000000000000000000002940000000000000000000000000000000000000000000000000000010000000000000          0000534757766500000000000000000000000000000000000000000003
1022542123500018830940000316741000000                         00000002541801000000DM 00000000000000000000 01061002171000080117                    100217000000001837063400190011002170000250000000000000000000000000000000000000000000000000000000000000000000000000018370000000000000000000000000000000000000000000000000000010000000000000          3874637600011200000000000000000000000000000000000000000004
1022542123500018830940000316741000000                         00000001546501000000DM 00000000000000000000 01060902170028820217                    100217000000000349010400970010902170000250000000000000000000000000000000000000000000000000000000000000000000000000003490000000000000000000000000000000000000000000000000000010000000000000          0002486093060600000000000000000000000000000000000000000005
1022542123500018830940000316741000000                         00000001042701000000DM 00000000000000000000 01061002170025830217                    100217000000000349000102100011002170000250000000000000000000000000000000000000000000000000000000000000000000000000003490000000000000000000000000000000000000000000000000000010000000000000          0001065186460700000000000000000000000000000000000000000006
1022542123500018830940000316741000000                         00000001750901000000DM 00000000000000000000 01060902170029810217                    100217000000000349010400970010902170000250000000000000000000000000000000000000000000000000000000000000000000000000003490000000000000000000000000000000000000000000000000000010000000000000          0000866105069300000000000000000000000000000000000000000007
1022542123500018830940000316741000000                         00000002455901000000DM 00000000000000000000 01061002170028170217                    100217000000000349010400970011002170000250000000000000000000000000000000000000000000000000000000000000000000000000003490000000000000000000000000000000000000000000000000000010000000000000          0006612029269100000000000000000000000000000000000000000008
1022542123500018830940000316741000000                         00000001262801000000DM 00000000000000000000 01060902170025540117                    100217000000000319010400970010902170000250000000000000000000000000000000000000000000000000000000000000000000000000003190000000000000000000000000000000000000000000000000000010000000000000          0006612599561500000000000000000000000000000000000000000009
1022542123500018830940000316741000000                         00000002547101000000DM 00000000000000000000 01061002171000150117                    100217000000001595034199260011002170000250000000000000000000000000000000000000000000000000000000000000000000000000015950000000000000000000000000000000000000000000000000000010000000000000          7097303700093900000000000000000000000000000000000000000010
1022542123500018830940000316741000000                         00000001837401000000DM 00000000000000000000 01060902170030320217                    100217000000000349010400970010902170000250000000000000000000000000000000000000000000000000000000000000000000000000003490000000000000000000000000000000000000000000000000000010000000000000          0000845620363700000000000000000000000000000000000000000011
1022542123500018830940000316741000000                         00000000342301000000DM 00000000000000000000 01061002170004600217                    100217000000000294010400970011002170000250000000000000000000000000000000000000000000000000000000000000000000000000002940000000000000000000000000000000000000000000000000000010000000000000          0004085395076800000000000000000000000000000000000000000012
1022542123500018830940000316741000000                         00000000185601000000DM 00000000000000000000 01061002170001520317                    100317000000000294034199260011002170000250000000000000000000000000000000000000000000000000000000000000000000000000002940000000000000000000000000000000000000000000000000000010000000000000          0000719132169500000000000000000000000000000000000000000013
1022542123500018830940000316741000000                         00000001582001000000DM 00000000000000000000 01060902170028970217                    100217000000000349010400970010902170000250000000000000000000000000000000000000000000000000000000000000000000000000003490000000000000000000000000000000000000000000000000000010000000000000          0005968516666800000000000000000000000000000000000000000014
1022542123500018830940000316741000000                         00000002545701000000DM 00000000000000000000 01061002171000120117                    100217000000000957034199260011002170000250000000000000000000000000000000000000000000000000000000000000000000000000009570000000000000000000000000000000000000000000000000000010000000000000          7097216100012200000000000000000000000000000000000000000015
1022542123500018830940000316741000000                         00000002548901000000DM 00000000000000000000 01061002171000210117                    100217000000001039575630940011002170000250000000000000000000000000000000000000000000000000000000000000000000000000010395000000000000000000000000000000000000000000000000000010000000000000          6522717500018100000000000000000000000000000000000000000016
1022542123500018830940000316741000000                         00000002233301000000DM 00000000000000000000 01060902170014480217                    100217000000000294010400970010902170000250000000000000000000000000000000000000000000000000000000000000000000000000002940000000000000000000000000000000000000000000000000000010000000000000          0005227926069700000000000000000000000000000000000000000017
1022542123500018830940000316741000000                         00000000512601000000DM 00000000000000000000 01060902170008390217                    100217000000000294010400970010902170000250000000000000000000000000000000000000000000000000000000000000000000000000002940000000000000000000000000000000000000000000000000000010000000000000          0004904386264900000000000000000000000000000000000000000018
1022542123500018830940000316741000000                         00000001981001000000DM 00000000000000000000 01061002170025800217                    100217000000000349034199260011002170000250000000000000000000000000000000000000000000000000000000000000000000000000003490000000000000000000000000000000000000000000000000000010000000000000          0007188615063000000000000000000000000000000000000000000019
1022542123500018830940000316741000000                         00000002544001000000DM 00000000000000000000 01061002171000110117                    100217000000001628063400190011002170000250000000000000000000000000000000000000000000000000000000000000000000000000016280000000000000000000000000000000000000000000000000000010000000000000          3874637600038400000000000000000000000000000000000000000020
1022542123500018830940000316741000000                         00000001281801000000DM 00000000000000000000 01060902170030190117                    100217000000000319034199260010902170000250000000000000000000000000000000000000000000000000000000000000000000000000003190000000000000000000000000000000000000000000000000000010000000000000          0000766983862000000000000000000000000000000000000000000021
1022542123500018830940000316741000000                         00000000622101000000DM 00000000000000000000 01061002170005190217                    100217000000000294010400970011002170000250000000000000000000000000000000000000000000000000000000000000000000000000002940000000000000000000000000000000000000000000000000000010000000000000          0007188477760000000000000000000000000000000000000000000022
1022542123500018830940000316741000000                         00000001873001000000DM 00000000000000000000 01061002170025270217                    100217000000000349010400970011002170000250000000000000000000000000000000000000000000000000000000000000000000000000003490000000000000000000000000000000000000000000000000000010000000000000          0000677178867900000000000000000000000000000000000000000023
1022542123500018830940000316741000000                         00000001933701000000DM 00000000000000000000 01061002170025420217                    100217000000000349034109440011002170000250000000000000000000000000000000000000000000000000000000000000000000000000003490000000000000000000000000000000000000000000000000000010000000000000          0002891803760000000000000000000000000000000000000000000024
1022542123500018830940000316741000000                         00000000283301000000DM 00000000000000000000 01061002170004140217                    100217000000000349003334670011002170000250000000000000000000000000000000000000000000000000000000000000000000000000003490000000000000000000000000000000000000000000000000000010000000000000          0000303613564200000000000000000000000000000000000000000025
1022542123500018830940000316741000000                         00000000319301000000DM 00000000000000000000 01060902170004370217                    100217000000000294010400970010902170000250000000000000000000000000000000000000000000000000000000000000000000000000002940000000000000000000000000000000000000000000000000000010000000000000          0001313854565300000000000000000000000000000000000000000026
1022542123500018830940000316741000000                         00000000598901000000DM 00000000000000000000 01061002170009010217                    100217000000000294010400970011002170000250000000000000000000000000000000000000000000000000000000000000000000000000002940000000000000000000000000000000000000000000000000000010000000000000          0009470166060400000000000000000000000000000000000000000027
1022542123500018830940000316741000000                         00000000958101000000DM 00000000000000000000 01060902170023970217                    100217000000000349034199260010902170000250000000000000000000000000000000000000000000000000000000000000000000000000003490000000000000000000000000000000000000000000000000000010000000000000          0007188737762000000000000000000000000000000000000000000028
1022542123500018830940000316741000000                         00000001762701000000DM 00000000000000000000 01061002170030110217                    100217000000000349075630940011002170000250000000000000000000000000000000000000000000000000000000000000000000000000003490000000000000000000000000000000000000000000000000000010000000000000          0001104048469700000000000000000000000000000000000000000029
1022542123500018830940000316741000000                         00000001054501000000DM 00000000000000000000 01060902170015610217                    100217000000000294010400970010902170000250000000000000000000000000000000000000000000000000000000000000000000000000002940000000000000000000000000000000000000000000000000000010000000000000          0000512874565100000000000000000000000000000000000000000030
1022542123500018830940000316741000000                         00000001630001000000DM 00000000000000000000 01061002170029220217                    100217000000000349000102100011002170000250000000000000000000000000000000000000000000000000000000000000000000000000003490000000000000000000000000000000000000000000000000000010000000000000          0005554795862000000000000000000000000000000000000000000031
1022542123500018830940000316741000000                         00000002540001000000DM 00000000000000000000 01061002171000070117                    100217000000001276034199260011002170000250000000000000000000000000000000000000000000000000000000000000000000000000012760000000000000000000000000000000000000000000000000000010000000000000          7097303700069600000000000000000000000000000000000000000032
1022542123500018830940000316741000000                         00000002543201000000DM 00000000000000000000 01061002171000100117                    100217000000001595034199260011002170000250000000000000000000000000000000000000000000000000000000000000000000000000015950000000000000000000000000000000000000000000000000000010000000000000          7097303700034300000000000000000000000000000000000000000033
1022542123500018830940000316741000000                         00000002546401000000DM 00000000000000000000 01061002171000140117                    100217000000000319063400190011002170000250000000000000000000000000000000000000000000000000000000000000000000000000003190000000000000000000000000000000000000000000000000000010000000000000          3874637600046500000000000000000000000000000000000000000034
1022542123500018830940000316741000000                         00000000139701000000DM 00000000000000000000 01061002170000410217                    100217000000000294010400970011002170000250000000000000000000000000000000000000000000000000000000000000000000000000002940000000000000000000000000000000000000000000000000000010000000000000          0000565324365500000000000000000000000000000000000000000035
1022542123500018830940000316741000000                         00000000670501000000DM 00000000000000000000 01061002170009450217                    100217000000000294010400970011002170000250000000000000000000000000000000000000000000000000000000000000000000000000002940000000000000000000000000000000000000000000000000000010000000000000          0009277825960000000000000000000000000000000000000000000036
1022542123500018830940000316741000000                         00000001945501000000DM 00000000000000000000 01061002170025530217                    100217000000000349010400970011002170000250000000000000000000000000000000000000000000000000000000000000000000000000003490000000000000000000000000000000000000000000000000000010000000000000          0000588234869200000000000000000000000000000000000000000037
1022542123500018830940000316741000000                         00000000356601000000DM 00000000000000000000 01060902170030410217                    100217000000000349010400970010902170000250000000000000000000000000000000000000000000000000000000000000000000000000003490000000000000000000000000000000000000000000000000000010000000000000          0006919796260000000000000000000000000000000000000000000038
1022542123500018830940000316741000000                         00000002542501000000DM 00000000000000000000 01061002171000090117                    100217000000000319034199260011002170000250000000000000000000000000000000000000000000000000000000000000000000000000003190000000000000000000000000000000000000000000000000000010000000000000          7097303700042400000000000000000000000000000000000000000039
9027563094SICOOB CREDIARA          RUA MARIA RITA DE AGUIAR                          CENTRO                        38183236ARAXÁ                         MG130220170000003800000000113                                                                                                                                                                                                                    000040
