02RETORNO01COBRANÇA       30940000327964316741J REZENDE                     756 - BANCOOB S/A 2711190000364                                                                                                                                                                                                                                                                                               000001
1022542123500018830940000316741000000                         00000005183701000000DM 00000000000000000000 01062511190014701119                    101119000000000324010400970012511190000250000000000000000000000000000000000000000000000000000000000000000000000000003259000000000001900000000000000000000000000000000000000010000000000000          0008318973461500000000000000000000000000000000000000000002
9027563094SICOOB CREDIARA          R D BOSCO                                         Centro                        38183228Araxá                         MG271120190000000100000000113                                                                                                                                                                                                                    000003
