02RETORNO01COBRANÇA       30940000327964316741J REZENDE                     756 - BANCOOB S/A 1311190000360                                                                                                                                                                                                                                                                                               000001
1022542123500018830940000316741000000                         00000005032001000000DM 00000000000000000000 01090711190010620519                    100519000000000324075630940010711190000100000000000000000000000000000000000000000000000000000000000000000000000000003240000000000000000000000000000000000000000000000000000010000000000000          0000055756263500000000000000000000000000000000000000000002
1022542123500018830940000316741000000                         00000005128101000000DM 00000000000000000000 01090711190014430519                    100519000000000324075630940010711190000100000000000000000000000000000000000000000000000000000000000000000000000000003240000000000000000000000000000000000000000000000000000010000000000000          0000696140365400000000000000000000000000000000000000000003
1022542123500018830940000316741000000                         00000005140001000000DM 00000000000000000000 01090711190014480519                    100519000000000324075630940010711190000100000000000000000000000000000000000000000000000000000000000000000000000000003240000000000000000000000000000000000000000000000000000010000000000000          0005227926069700000000000000000000000000000000000000000004
1022542123500018830940000316741000000                         00000005297101000000DM 00000000000000000000 01090711190017950519                    100519000000000324075630940010711190000100000000000000000000000000000000000000000000000000000000000000000000000000003240000000000000000000000000000000000000000000000000000010000000000000          0000027258068600000000000000000000000000000000000000000005
1022542123500018830940000316741000000                         00000005345001000000DM 00000000000000000000 01090711190023040519                    100519000000000374075630940010711190000100000000000000000000000000000000000000000000000000000000000000000000000000003740000000000000000000000000000000000000000000000000000010000000000000          0004225353567200000000000000000000000000000000000000000006
1022542123500018830940000316741000000                         00000005417601000000DM 00000000000000000000 01090711190025190519                    100519000000000374075630940010711190000100000000000000000000000000000000000000000000000000000000000000000000000000003740000000000000000000000000000000000000000000000000000010000000000000          0008540006863400000000000000000000000000000000000000000007
1022542123500018830940000316741000000                         00000005555801000000DM 00000000000000000000 01060811190028151119                    101119000000000374010400970010811190000250000000000000000000000000000000000000000000000000000000000000000000000000003740000000000000000000000000000000000000000000000000000010000000000000          0001026372666500000000000000000000000000000000000000000008
1022542123500018830940000316741000000                         00000005713201000000DM 00000000000000000000 01090711190030700519                    100519000000000374075630940010711190000100000000000000000000000000000000000000000000000000000000000000000000000000003740000000000000000000000000000000000000000000000000000010000000000000          0001212798465000000000000000000000000000000000000000000009
1022542123500018830940000316741000000                         00000005062001000000DM 00000000000000000000 01060711190011031119                    101119000000000324023716910010711190000250000000000000000000000000000000000000000000000000000000000000000000000000003240000000000000000000000000000000000000000000000000000010000000000000          0008715135969100000000000000000000000000000000000000000010
1022542123500018830940000316741000000                         00000005333201000000DM 00000000000000000000 01090711190022820519                    100519000000000324075630940010711190000100000000000000000000000000000000000000000000000000000000000000000000000000003240000000000000000000000000000000000000000000000000000010000000000000          0007188059365300000000000000000000000000000000000000000011
1022542123500018830940000316741000000                         00000005405801000000DM 00000000000000000000 01090711190024730519                    100519000000000374075630940010711190000100000000000000000000000000000000000000000000000000000000000000000000000000003740000000000000000000000000000000000000000000000000000010000000000000          0001603579869100000000000000000000000000000000000000000012
1022542123500018830940000316741000000                         00000005477801000000DM 00000000000000000000 01090711190026730519                    100519000000000374075630940010711190000100000000000000000000000000000000000000000000000000000000000000000000000000003740000000000000000000000000000000000000000000000000000010000000000000          0000945536569300000000000000000000000000000000000000000013
1022542123500018830940000316741000000                         00000005900001000000DM 00000000000000000000 01060811191000251019                    111119000000000726010400970010811190000250000000000000000000000000000000000000000000000000000000000000000000000000007260000000000000000000000000000000000000000000000000000010000000000000          2604122800011300000000000000000000000000000000000000000014
1022542123500018830940000316741000000                         00000005044801000000DM 00000000000000000000 01090711190010920519                    100519000000000324075630940010711190000100000000000000000000000000000000000000000000000000000000000000000000000000003240000000000000000000000000000000000000000000000000000010000000000000          0007570230469100000000000000000000000000000000000000000015
1022542123500018830940000316741000000                         00000005261701000000DM 00000000000000000000 01090711190017340519                    100519000000000324075630940010711190000100000000000000000000000000000000000000000000000000000000000000000000000000003240000000000000000000000000000000000000000000000000000010000000000000          0006300667766800000000000000000000000000000000000000000016
1022542123500018830940000316741000000                         00000005737901000000DM 00000000000000000000 01090711190029220519                    100519000000000374075630940010711190000100000000000000000000000000000000000000000000000000000000000000000000000000003740000000000000000000000000000000000000000000000000000010000000000000          0005554795862000000000000000000000000000000000000000000017
1022542123500018830940000316741000000                         00000004834001000000DM 00000000000000000000 01060711190005191119                    101119000000000324010400970010711190000250000000000000000000000000000000000000000000000000000000000000000000000000003240000000000000000000000000000000000000000000000000000010000000000000          0007188477760000000000000000000000000000000000000000000018
1022542123500018830940000316741000000                         00000004869701000000DM 00000000000000000000 01060711190005931019                    101019000000000324010400970010711190000250000000000000000000000000000000000000000000000000000000000000000000000000003273000000000003300000000000000000000000000000000000000010000000000000          0003023575860400000000000000000000000000000000000000000019
1022542123500018830940000316741000000                         00000004948401000000DM 00000000000000000000 01090711190008690519                    100519000000000324075630940010711190000100000000000000000000000000000000000000000000000000000000000000000000000000003240000000000000000000000000000000000000000000000000000010000000000000          0000027442861000000000000000000000000000000000000000000020
1022542123500018830940000316741000000                         00000005441301000000DM 00000000000000000000 01090711190025960519                    100519000000000374075630940010711190000100000000000000000000000000000000000000000000000000000000000000000000000000003740000000000000000000000000000000000000000000000000000010000000000000          0009277829168700000000000000000000000000000000000000000021
1022542123500018830940000316741000000                         00000005513901000000DM 00000000000000000000 01090711190027000519                    100519000000000374075630940010711190000100000000000000000000000000000000000000000000000000000000000000000000000000003740000000000000000000000000000000000000000000000000000010000000000000          0000487456467400000000000000000000000000000000000000000022
1022542123500018830940000316741000000                         00000005633801000000DM 00000000000000000000 01090711190029630519                    100519000000000374075630940010711190000100000000000000000000000000000000000000000000000000000000000000000000000000003740000000000000000000000000000000000000000000000000000010000000000000          0000559499965500000000000000000000000000000000000000000023
1022542123500018830940000316741000000                         00000005375101000000DM 00000000000000000000 01060811190023971119                    101119000000000374010400970010811190000250000000000000000000000000000000000000000000000000000000000000000000000000003740000000000000000000000000000000000000000000000000000010000000000000          0007188737762000000000000000000000000000000000000000000024
1022542123500018830940000316741000000                         00000005471401000000DM 00000000000000000000 01060811190026651119                    101119000000000374034109440010811190000250000000000000000000000000000000000000000000000000000000000000000000000000003740000000000000000000000000000000000000000000000000000010000000000000          0000694769266000000000000000000000000000000000000000000025
1022542123500018830940000316741000000                         00000005597701000000DM 00000000000000000000 01090711190028970519                    100519000000000374075630940010711190000100000000000000000000000000000000000000000000000000000000000000000000000000003740000000000000000000000000000000000000000000000000000010000000000000          0005968516666800000000000000000000000000000000000000000026
1022542123500018830940000316741000000                         00000004720501000000DM 00000000000000000000 01090711190004110519                    100519000000000374075630940010711190000100000000000000000000000000000000000000000000000000000000000000000000000000003740000000000000000000000000000000000000000000000000000010000000000000          0007246051260000000000000000000000000000000000000000000027
1022542123500018830940000316741000000                         00000004900101000000DM 00000000000000000000 01090711190007010519                    100519000000000324075630940010711190000100000000000000000000000000000000000000000000000000000000000000000000000000003240000000000000000000000000000000000000000000000000000010000000000000          0006529267760400000000000000000000000000000000000000000028
1022542123500018830940000316741000000                         00000004978501000000DM 00000000000000000000 01060711190009531119                    101119000000000324010400970010711190000250000000000000000000000000000000000000000000000000000000000000000000000000003240000000000000000000000000000000000000000000000000000010000000000000          0004361846464900000000000000000000000000000000000000000029
1022542123500018830940000316741000000                         00000004996801000000DM 00000000000000000000 01090711190010200519                    100519000000000374075630940010711190000100000000000000000000000000000000000000000000000000000000000000000000000000003740000000000000000000000000000000000000000000000000000010000000000000          0003616071763400000000000000000000000000000000000000000030
1022542123500018830940000316741000000                         00000005050201000000DM 00000000000000000000 01060711190010921119                    101119000000000324010400970010711190000250000000000000000000000000000000000000000000000000000000000000000000000000003240000000000000000000000000000000000000000000000000000010000000000000          0007570230469100000000000000000000000000000000000000000031
1022542123500018830940000316741000000                         00000005273501000000DM 00000000000000000000 01090711190017750519                    100519000000000324075630940010711190000100000000000000000000000000000000000000000000000000000000000000000000000000003240000000000000000000000000000000000000000000000000000010000000000000          0002729843469100000000000000000000000000000000000000000032
1022542123500018830940000316741000000                         00000005309501000000DM 00000000000000000000 01090711190022660519                    100519000000000374075630940010711190000100000000000000000000000000000000000000000000000000000000000000000000000000003740000000000000000000000000000000000000000000000000000010000000000000          0004170441060600000000000000000000000000000000000000000033
1022542123500018830940000316741000000                         00000005321401000000DM 00000000000000000000 01090711190022690519                    100519000000000374075630940010711190000100000000000000000000000000000000000000000000000000000000000000000000000000003740000000000000000000000000000000000000000000000000000010000000000000          0006307307269100000000000000000000000000000000000000000034
1022542123500018830940000316741000000                         00000004852201000000DM 00000000000000000000 01090711190005450519                    100519000000000324075630940010711190000100000000000000000000000000000000000000000000000000000000000000000000000000003240000000000000000000000000000000000000000000000000000010000000000000          0003013578866800000000000000000000000000000000000000000035
1022542123500018830940000316741000000                         00000005651001000000DM 00000000000000000000 01060711190029701119                    101119000000000374010400970010711190000250000000000000000000000000000000000000000000000000000000000000000000000000003740000000000000000000000000000000000000000000000000000010000000000000          0000214486281800000000000000000000000000000000000000000036
1022542123500018830940000316741000000                         00000004816701000000DM 00000000000000000000 01090711190004910519                    100519000000000324075630940010711190000100000000000000000000000000000000000000000000000000000000000000000000000000003240000000000000000000000000000000000000000000000000000010000000000000          0002624052160400000000000000000000000000000000000000000037
1022542123500018830940000316741000000                         00000004882301000000DM 00000000000000000000 01060811190006481119                    101119000000000374010400970010811190000250000000000000000000000000000000000000000000000000000000000000000000000000003740000000000000000000000000000000000000000000000000000010000000000000          0001612677762000000000000000000000000000000000000000000038
1022542123500018830940000316741000000                         00000004888701000000DM 00000000000000000000 01090711190006510519                    100519000000000324075630940010711190000100000000000000000000000000000000000000000000000000000000000000000000000000003240000000000000000000000000000000000000000000000000000010000000000000          0006345744697000000000000000000000000000000000000000000039
1022542123500018830940000316741000000                         00000004930201000000DM 00000000000000000000 01060811190008411119                    101119000000000324010400970010811190000250000000000000000000000000000000000000000000000000000000000000000000000000003240000000000000000000000000000000000000000000000000000010000000000000          0004459589168700000000000000000000000000000000000000000040
1022542123500018830940000316741000000                         00000005561201000000DM 00000000000000000000 01090711190028160519                    100519000000000374075630940010711190000100000000000000000000000000000000000000000000000000000000000000000000000000003740000000000000000000000000000000000000000000000000000010000000000000          0008257197068200000000000000000000000000000000000000000041
1022542123500018830940000316741000000                         00000005615501000000DM 00000000000000000000 01060711190029011119                    101119000000000374010400970010711190000250000000000000000000000000000000000000000000000000000000000000000000000000003740000000000000000000000000000000000000000000000000000010000000000000          0002483652468700000000000000000000000000000000000000000042
1022542123500018830940000316741000000                         00000005621001000000DM 00000000000000000000 01090711190029060519                    100519000000000374075630940010711190000100000000000000000000000000000000000000000000000000000000000000000000000000003740000000000000000000000000000000000000000000000000000010000000000000          0007331229087200000000000000000000000000000000000000000043
1022542123500018830940000316741000000                         00000005693001000000DM 00000000000000000000 01090711190030680519                    100519000000000374075630940010711190000100000000000000000000000000000000000000000000000000000000000000000000000000003740000000000000000000000000000000000000000000000000000010000000000000          0000377887650300000000000000000000000000000000000000000044
1022542123500018830940000316741000000                         00000005014701000000DM 00000000000000000000 01060811190010211119                    101119000000000324010400970010811190000250000000000000000000000000000000000000000000000000000000000000000000000000003240000000000000000000000000000000000000000000000000000010000000000000          0007187518269100000000000000000000000000000000000000000045
1022542123500018830940000316741000000                         00000005814101000000DM 00000000000000000000 01090711190027170419                    100519000000010610075630940010711190000100000000000000000000000000000000000000000000000000000000000000000000000000106100000000000000000000000000000000000000000000000000000010000000000000          0000292559569300000000000000000000000000000000000000000046
9027563094SICOOB CREDIARA          R D BOSCO                                         Centro                        38183228Araxá                         MG131120190000004500000000113                                                                                                                                                                                                                    000047
