02RETORNO01COBRANÇA       30940000327964316741J REZENDE                     756 - BANCOOB S/A 1311190000361                                                                                                                                                                                                                                                                                               000001
1022542123500018830940000316741000000                         00000005731501000000DM 00000000000000000000 01061111190030691119                    101119000000000374075630940011111190000250000000000000000000000000000000000000000000000000000000000000000000000000003740000000000000000000000000000000000000000000000000000010000000000000          0006037461660400000000000000000000000000000000000000000002
1022542123500018830940000316741000000                         00000005116301000000DM 00000000000000000000 01091211190013890519                    150519000000000324075630940011211190000100000000000000000000000000000000000000000000000000000000000000000000000000003240000000000000000000000000000000000000000000000000000010000000000000          0000690262868800000000000000000000000000000000000000000003
1022542123500018830940000316741000000                         00000005351501000000DM 00000000000000000000 01061111190023041119                    101119000000000374010400970011111190000250000000000000000000000000000000000000000000000000000000000000000000000000003740000000000000000000000000000000000000000000000000000010000000000000          0004225353567200000000000000000000000000000000000000000004
1022542123500018830940000316741000000                         00000005899701000000DM 00000000000000000000 01061111191000271119                    111119000000002072075630940011111190000250000000000000000000000000000000000000000000000000000000000000000000000000020720000000000000000000000000000000000000000000000000000010000000000000          0534793700015100000000000000000000000000000000000000000005
1022542123500018830940000316741000000                         00000004749801000000DM 00000000000000000000 01061111190004161019                    101019000000000324034109440011111190000250000000000000000000000000000000000000000000000000000000000000000000000000003278000000000003800000000000000000000000000000000000000010000000000000          0009147587261500000000000000000000000000000000000000000006
1022542123500018830940000316741000000                         00000004942001000000DM 00000000000000000000 01061111190008471119                    101119000000000374023716910011111190000250000000000000000000000000000000000000000000000000000000000000000000000000003740000000000000000000000000000000000000000000000000000010000000000000          0000150671660100000000000000000000000000000000000000000007
1022542123500018830940000316741000000                         00000005243401000000DM 00000000000000000000 01061111190016361119                    101119000000000374010400970011111190000250000000000000000000000000000000000000000000000000000000000000000000000000003740000000000000000000000000000000000000000000000000000010000000000000          0004340692069100000000000000000000000000000000000000000008
1022542123500018830940000316741000000                         00000004966701000000DM 00000000000000000000 01061111190009011119                    101119000000000324010400970011111190000250000000000000000000000000000000000000000000000000000000000000000000000000003240000000000000000000000000000000000000000000000000000010000000000000          0009470166060400000000000000000000000000000000000000000009
1022542123500018830940000316741000000                         00000004666101000000DM 00000000000000000000 01061211190000411119                    101119000000000324010400970011211190000250000000000000000000000000000000000000000000000000000000000000000000000000003245000000000000500000000000000000000000000000000000000010000000000000          0000565324365500000000000000000000000000000000000000000010
1022542123500018830940000316741000000                         00000004738701000000DM 00000000000000000000 01061111190004141119                    101119000000000374003334670011111190000250000000000000000000000000000000000000000000000000000000000000000000000000003740000000000000000000000000000000000000000000000000000010000000000000          0000303613564200000000000000000000000000000000000000000011
1022542123500018830940000316741000000                         00000004750601000000DM 00000000000000000000 01061111190004161119                    101119000000000324034109440011111190000250000000000000000000000000000000000000000000000000000000000000000000000000003240000000000000000000000000000000000000000000000000000010000000000000          0009147587261500000000000000000000000000000000000000000012
1022542123500018830940000316741000000                         00000005387001000000DM 00000000000000000000 01061111190024531119                    101119000000000374010400970011111190000250000000000000000000000000000000000000000000000000000000000000000000000000003740000000000000000000000000000000000000000000000000000010000000000000          0003607094764900000000000000000000000000000000000000000013
1022542123500018830940000316741000000                         00000005664601000000DM 00000000000000000000 01061111190029711219                    101219000000000374003334670011111190000250000000000000000000000000000000000000000000000000000000000000000000000000003740000000000000000000000000000000000000000000000000000010000000000000          0002729840060600000000000000000000000000000000000000000014
1022542123500018830940000316741000000                         00000004918301000000DM 00000000000000000000 01061211190008391119                    101119000000000324010400970011211190000250000000000000000000000000000000000000000000000000000000000000000000000000003245000000000000500000000000000000000000000000000000000010000000000000          0004904386264900000000000000000000000000000000000000000015
1022542123500018830940000316741000000                         00000005898001000000DM 00000000000000000000 01061111191000261019                    111119000000005566034109440011111190000250000000000000000000000000000000000000000000000000000000000000000000000000055660000000000000000000000000000000000000000000000000000010000000000000          0098386400017000000000000000000000000000000000000000000016
1022542123500018830940000316741000000                         00000004690901000000DM 00000000000000000000 01061111190002361119                    101119000000000374010400970011111190000250000000000000000000000000000000000000000000000000000000000000000000000000003740000000000000000000000000000000000000000000000000000010000000000000          0000569370264200000000000000000000000000000000000000000017
1022542123500018830940000316741000000                         00000005663901000000DM 00000000000000000000 01061111190029711119                    101119000000000374003334670011111190000250000000000000000000000000000000000000000000000000000000000000000000000000003740000000000000000000000000000000000000000000000000000010000000000000          0002729840060600000000000000000000000000000000000000000018
1022542123500018830940000316741000000                         00000005893301000000DM 00000000000000000000 01061111191000121019                    111119000000000349000102100011111190000250000000000000000000000000000000000000000000000000000000000000000000000000003490000000000000000000000000000000000000000000000000000010000000000000          7097216100012200000000000000000000000000000000000000000019
9027563094SICOOB CREDIARA          R D BOSCO                                         Centro                        38183228Araxá                         MG131120190000001800000000113                                                                                                                                                                                                                    000020
