02RETORNO01COBRANÇA       30940000327964316741J REZENDE                     756 - BANCOOB S/A 0111190000358                                                                                                                                                                                                                                                                                               000001
1022542123500018830940000316741000000                         00000005817301000000DM 00000000000000000000 01063110190030760819                    100819000000000374010400970013110190000250000000000000000000000000000000000000000000000000000000000000000000000000003743000000000000300000000000000000000000000000000000000010000000000000          0000479186480800000000000000000000000000000000000000000002
1022542123500018830940000316741000000                         00000005086701000000DM 00000000000000000000 01063110190011611119                    101119000000000324010400970013110190000250000000000000000000000000000000000000000000000000000000000000000000000000003240000000000000000000000000000000000000000000000000000010000000000000          0004342743060000000000000000000000000000000000000000000003
1022542123500018830940000316741000000                         00000004990401000000DM 00000000000000000000 01063010190010141119                    101119000000000374010400970013010190000250000000000000000000000000000000000000000000000000000000000000000000000000003740000000000000000000000000000000000000000000000000000010000000000000          0005764752663400000000000000000000000000000000000000000004
1022542123500018830940000316741000000                         00000005038301000000DM 00000000000000000000 01063010190010621119                    101119000000000324010400970013010190000250000000000000000000000000000000000000000000000000000000000000000000000000003240000000000000000000000000000000000000000000000000000010000000000000          0000055756263500000000000000000000000000000000000000000005
1022542123500018830940000316741000000                         00000005818001000000DM 00000000000000000000 01063110190030760919                    100919000000000374010400970013110190000250000000000000000000000000000000000000000000000000000000000000000000000000003743000000000000300000000000000000000000000000000000000010000000000000          0000479186480800000000000000000000000000000000000000000006
1022542123500018830940000316741000000                         00000005039001000000DM 00000000000000000000 01063010190010621219                    101219000000000324010400970013010190000250000000000000000000000000000000000000000000000000000000000000000000000000003240000000000000000000000000000000000000000000000000000010000000000000          0000055756263500000000000000000000000000000000000000000007
9027563094SICOOB CREDIARA          R D BOSCO                                         Centro                        38183228Araxá                         MG011120190000000600000000113                                                                                                                                                                                                                    000008
