02RETORNO01COBRANÇA       30940000327964316741J REZENDE                     756 - BANCOOB S/A 0711190000359                                                                                                                                                                                                                                                                                               000001
1022542123500018830940000316741000000                         00000005566901000000DM 00000000000000000000 01060611190028161019                    101019000000000374010400970010611190000250000000000000000000000000000000000000000000000000000000000000000000000000003777000000000003700000000000000000000000000000000000000010000000000000          0008257197068200000000000000000000000000000000000000000002
1022542123500018830940000316741000000                         00000005579401000000DM 00000000000000000000 01060411190028811119                    101119000000000374010400970010411190000250000000000000000000000000000000000000000000000000000000000000000000000000003740000000000000000000000000000000000000000000000000000010000000000000          0002729612165300000000000000000000000000000000000000000003
1022542123500018830940000316741000000                         00000005110001000000DM 00000000000000000000 01060611190013271119                    101119000000000324010400970010611190000250000000000000000000000000000000000000000000000000000000000000000000000000003240000000000000000000000000000000000000000000000000000010000000000000          0005974586069700000000000000000000000000000000000000000004
1022542123500018830940000316741000000                         00000005362601000000DM 00000000000000000000 01060611190023391019                    101019000000000374010400970010611190000250000000000000000000000000000000000000000000000000000000000000000000000000003777000000000003700000000000000000000000000000000000000010000000000000          0003615945069700000000000000000000000000000000000000000005
1022542123500018830940000316741000000                         00000005495001000000DM 00000000000000000000 01060511190026741119                    101119000000000374023716910010511190000250000000000000000000000000000000000000000000000000000000000000000000000000003740000000000000000000000000000000000000000000000000000010000000000000          0000954360460600000000000000000000000000000000000000000006
1022542123500018830940000316741000000                         00000005567601000000DM 00000000000000000000 01060611190028161119                    101119000000000374010400970010611190000250000000000000000000000000000000000000000000000000000000000000000000000000003740000000000000000000000000000000000000000000000000000010000000000000          0008257197068200000000000000000000000000000000000000000007
1022542123500018830940000316741000000                         00000005255201000000DM 00000000000000000000 01060611190017221119                    101119000000000324010400970010611190000250000000000000000000000000000000000000000000000000000000000000000000000000003240000000000000000000000000000000000000000000000000000010000000000000          0000326379860000000000000000000000000000000000000000000008
1022542123500018830940000316741000000                         00000005231601000000DM 00000000000000000000 01060611190015981119                    101119000000000324010400970010611190000250000000000000000000000000000000000000000000000000000000000000000000000000003240000000000000000000000000000000000000000000000000000010000000000000          0007886934067800000000000000000000000000000000000000000009
1022542123500018830940000316741000000                         00000004810301000000DM 00000000000000000000 01060511190004531119                    101119000000000374010400970010511190000250000000000000000000000000000000000000000000000000000000000000000000000000003740000000000000000000000000000000000000000000000000000010000000000000          0000786278560600000000000000000000000000000000000000000010
1022542123500018830940000316741000000                         00000004762401000000DM 00000000000000000000 01060411190004221119                    101119000000000324023716910010411190000250000000000000000000000000000000000000000000000000000000000000000000000000003240000000000000000000000000000000000000000000000000000010000000000000          0007415855469100000000000000000000000000000000000000000011
1022542123500018830940000316741000000                         00000005435901000000DM 00000000000000000000 01060511190025271119                    101119000000000374010400970010511190000250000000000000000000000000000000000000000000000000000000000000000000000000003740000000000000000000000000000000000000000000000000000010000000000000          0000677178867900000000000000000000000000000000000000000012
1022542123500018830940000316741000000                         00000005304901000000DM 00000000000000000000 01060611190017951219                    101219000000000324010400970010611190000250000000000000000000000000000000000000000000000000000000000000000000000000003240000000000000000000000000000000000000000000000000000010000000000000          0000027258068600000000000000000000000000000000000000000013
1022542123500018830940000316741000000                         00000005531101000000DM 00000000000000000000 01060411190027131119                    101119000000000374023716910010411190000250000000000000000000000000000000000000000000000000000000000000000000000000003740000000000000000000000000000000000000000000000000000010000000000000          0009652261564900000000000000000000000000000000000000000014
1022542123500018830940000316741000000                         00000004678001000000DM 00000000000000000000 01060611190001141119                    101119000000000324010400970010611190000250000000000000000000000000000000000000000000000000000000000000000000000000003240000000000000000000000000000000000000000000000000000010000000000000          0004897155363400000000000000000000000000000000000000000015
1022542123500018830940000316741000000                         00000005002901000000DM 00000000000000000000 01060611190010201119                    101119000000000374010400970010611190000250000000000000000000000000000000000000000000000000000000000000000000000000003740000000000000000000000000000000000000000000000000000010000000000000          0003616071763400000000000000000000000000000000000000000016
1022542123500018830940000316741000000                         00000005171901000000DM 00000000000000000000 01060411190014581119                    101119000000000324010400970010411190000250000000000000000000000000000000000000000000000000000000000000000000000000003240000000000000000000000000000000000000000000000000000010000000000000          0002361630010000000000000000000000000000000000000000000017
9027563094SICOOB CREDIARA          R D BOSCO                                         Centro                        38183228Araxá                         MG071120190000001600000000113                                                                                                                                                                                                                    000018
