02RETORNO01COBRANÇA       30940000327964316741J REZENDE                     756 - BANCOOB S/A 1911190000362                                                                                                                                                                                                                                                                                               000001
1022542123500018830940000316741000000                         00000005158201000000DM 00000000000000000000 01061811190030711019                    101019000000000374010400970011811190000250000000000000000000000000000000000000000000000000000000000000000000000000003792000000000005200000000000000000000000000000000000000010000000000000          0000953633063600000000000000000000000000000000000000000002
1022542123500018830940000316741000000                         00000005393401000000DM 00000000000000000000 01091811190024540519                    200519000000000374075630940011811190000100000000000000000000000000000000000000000000000000000000000000000000000000003740000000000000000000000000000000000000000000000000000010000000000000          0000847276465600000000000000000000000000000000000000000003
1022542123500018830940000316741000000                         00000005159001000000DM 00000000000000000000 01061811190030711119                    101119000000000374010400970011811190000250000000000000000000000000000000000000000000000000000000000000000000000000003753000000000001300000000000000000000000000000000000000010000000000000          0000953633063600000000000000000000000000000000000000000004
1022542123500018830940000316741000000                         00000005891901000000DM 00000000000000000000 01061811191000101019                    111119000000003623000142020011811190000250000000000000000000000000000000000000000000000000000000000000000000000000036266000000000003600000000000000000000000000000000000000010000000000000          7097303700034300000000000000000000000000000000000000000005
1022542123500018830940000316741000000                         00000004702201000000DM 00000000000000000000 01061311190002471119                    101119000000000324010400970011311190000250000000000000000000000000000000000000000000000000000000000000000000000000003246000000000000600000000000000000000000000000000000000010000000000000          0000356167569700000000000000000000000000000000000000000006
1022542123500018830940000316741000000                         00000005890101000000DM 00000000000000000000 01061811191000071019                    111119000000000349000142020011811190000250000000000000000000000000000000000000000000000000000000000000000000000000003493000000000000300000000000000000000000000000000000000010000000000000          7097303700069600000000000000000000000000000000000000000007
1022542123500018830940000316741000000                         00000005892601000000DM 00000000000000000000 01061811191000151019                    111119000000000349000142020011811190000250000000000000000000000000000000000000000000000000000000000000000000000000003493000000000000300000000000000000000000000000000000000010000000000000          7097303700093900000000000000000000000000000000000000000008
9027563094SICOOB CREDIARA          R D BOSCO                                         Centro                        38183228Araxá                         MG191120190000000700000000113                                                                                                                                                                                                                    000009
