02RETORNO01COBRANÇA       30940000327964316741J REZENDE                     756 - BANCOOB S/A 2211190000363                                                                                                                                                                                                                                                                                               000001
1022542123500018830940000316741000000                         00000004870501000000DM 00000000000000000000 01061911190005931119                    101119000000000324010400970011911190000250000000000000000000000000000000000000000000000000000000000000000000000000003252000000000001200000000000000000000000000000000000000010000000000000          0003023575860400000000000000000000000000000000000000000002
1022542123500018830940000316741000000                         00000005820601000000DM 00000000000000000000 01062011190030761119                    101119000000000374010400970012011190000250000000000000000000000000000000000000000000000000000000000000000000000000003743000000000000300000000000000000000000000000000000000010000000000000          0000479186480800000000000000000000000000000000000000000003
1022542123500018830940000316741000000                         00000005819801000000DM 00000000000000000000 01062011190030761019                    101019000000000374010400970012011190000250000000000000000000000000000000000000000000000000000000000000000000000000003743000000000000300000000000000000000000000000000000000010000000000000          0000479186480800000000000000000000000000000000000000000004
1022542123500018830940000316741000000                         00000004691601000000DM 00000000000000000000 01061911190002361219                    101219000000000374010400970011911190000250000000000000000000000000000000000000000000000000000000000000000000000000003740000000000000000000000000000000000000000000000000000010000000000000          0000569370264200000000000000000000000000000000000000000005
9027563094SICOOB CREDIARA          R D BOSCO                                         Centro                        38183228Araxá                         MG221120190000000400000000113                                                                                                                                                                                                                    000006
