02RETORNO01COBRANÇA       30940000327964316741J REZENDE - ME                756 - BANCOOB S/A 2808170000146                                                                                                                                                                                                                                                                                               000001
1022542123500018830940000316741000000                         00000002521001000000DM 00000000000000000000 01061608170030440817                    100817000000000349075630940011608170000250000000000000000000000000000000000000000000000000000000000000000000000000003911000000000042100000000000000000000000000000000000000010000000000000          0000119164868000000000000000000000000000000000000000000002
1022542123500018830940000316741000000                         00000002516301000000DM 00000000000000000000 01061608170030440317                    100317000000000349075630940011608170000250000000000000000000000000000000000000000000000000000000000000000000000000005747000000000225700000000000000000000000000000000000000010000000000000          0000119164868000000000000000000000000000000000000000000003
1022542123500018830940000316741000000                         00000002519501000000DM 00000000000000000000 01061608170030440617                    100617000000000349075630940011608170000250000000000000000000000000000000000000000000000000000000000000000000000000004643000000000115300000000000000000000000000000000000000010000000000000          0000119164868000000000000000000000000000000000000000000004
1022542123500018830940000316741000000                         00000002520301000000DM 00000000000000000000 01061608170030440717                    100717000000000349075630940011608170000250000000000000000000000000000000000000000000000000000000000000000000000000004283000000000079300000000000000000000000000000000000000010000000000000          0000119164868000000000000000000000000000000000000000000005
9027563094SICOOB CREDIARA          RUA MARIA RITA DE AGUIAR                          CENTRO                        38183236ARAXÁ                         MG280820170000000400000000113                                                                                                                                                                                                                    000006
