02RETORNO01COBRANÇA       30940000327964316741J REZENDE - ME                756 - BANCOOB S/A 1408170000141                                                                                                                                                                                                                                                                                               000001
1022542123500018830940000316741000000                         00000002042601000000DM 00000000000000000000 01063103170026050317                    100317000000000349075630940013103170000250000000000000000000000000000000000000000000000000000000000000000000000000003922000000000043200000000000000000000000000000000000000010000000000000          0000258153466400000000000000000000000000000000000000000002
1022542123500018830940000316741000000                         00000001440001000000DM 00000000000000000000 01063103170027570417                    100417000000000349010400970013103170000250000000000000000000000000000000000000000000000000000000000000000000000000003490000000000000000000000000000000000000000000000000000010000000000000          0000699499364700000000000000000000000000000000000000000003
1022542123500018830940000316741000000                         00000000153001000000DM 00000000000000000000 01063103170000730417                    100417000000000294010400970013103170000250000000000000000000000000000000000000000000000000000000000000000000000000002940000000000000000000000000000000000000000000000000000010000000000000          0000243026943000000000000000000000000000000000000000000004
1022542123500018830940000316741000000                         00000002187901000000DM 00000000000000000000 01063103170027130417                    100417000000000349010400970013103170000250000000000000000000000000000000000000000000000000000000000000000000000000003490000000000000000000000000000000000000000000000000000010000000000000          0009652261564900000000000000000000000000000000000000000005
9027563094SICOOB CREDIARA          RUA MARIA RITA DE AGUIAR                          CENTRO                        38183236ARAXÁ                         MG140820170000000400000000113                                                                                                                                                                                                                    000006
