02RETORNO01COBRANÇA       30940000327964316741J REZENDE - ME                756 - BANCOOB S/A 0708170000135                                                                                                                                                                                                                                                                                               000001
1022542123500018830940000316741000000                         00000002275201000000DM 00000000000000000000 01060708170014950817                    100817000000000294010400970010708170000250000000000000000000000000000000000000000000000000000000000000000000000000002940000000000000000000000000000000000000000000000000000010000000000000          0000136752462800000000000000000000000000000000000000000002
1022542123500018830940000316741000000                         00000001696501000000DM 00000000000000000000 01060708170029700817                    100817000000000349010400970010708170000250000000000000000000000000000000000000000000000000000000000000000000000000003490000000000000000000000000000000000000000000000000000010000000000000          0000214486281800000000000000000000000000000000000000000003
1022542123500018830940000316741000000                         00000002684601000000DM 00000000000000000000 01060708170030600817                    050817000000000349075640790010708170000250000000000000000000000000000000000000000000000000000000000000000000000000003490000000000000000000000000000000000000000000000000000010000000000000          0000310761760100000000000000000000000000000000000000000004
1022542123500018830940000316741000000                         00000000301101000000DM 00000000000000000000 01060708170004220817                    100817000000000294010400970010708170000250000000000000000000000000000000000000000000000000000000000000000000000000002940000000000000000000000000000000000000000000000000000010000000000000          0007415855469100000000000000000000000000000000000000000005
1022542123500018830940000316741000000                         00000001552001000000DM 00000000000000000000 01060708170028820817                    100817000000000349010400970010708170000250000000000000000000000000000000000000000000000000000000000000000000000000003490000000000000000000000000000000000000000000000000000010000000000000          0002486093060600000000000000000000000000000000000000000006
1022542123500018830940000316741000000                         00000002059001000000DM 00000000000000000000 01060708170026060817                    100817000000000349010400970010708170000250000000000000000000000000000000000000000000000000000000000000000000000000003490000000000000000000000000000000000000000000000000000010000000000000          0004341197568700000000000000000000000000000000000000000007
1022542123500018830940000316741000000                         00000002263401000000DM 00000000000000000000 01060708170014700817                    100817000000000294010400970010708170000250000000000000000000000000000000000000000000000000000000000000000000000000002940000000000000000000000000000000000000000000000000000010000000000000          0008318973461500000000000000000000000000000000000000000008
1022542123500018830940000316741000000                         00000000241401000000DM 00000000000000000000 01060708170003300817                    100817000000000294010400970010708170000250000000000000000000000000000000000000000000000000000000000000000000000000002940000000000000000000000000000000000000000000000000000010000000000000          0000916024261200000000000000000000000000000000000000000009
1022542123500018830940000316741000000                         00000001600901000000DM 00000000000000000000 01060708170029010817                    100817000000000349010400970010708170000250000000000000000000000000000000000000000000000000000000000000000000000000003490000000000000000000000000000000000000000000000000000010000000000000          0002483652468700000000000000000000000000000000000000000010
1022542123500018830940000316741000000                         00000001708901000000DM 00000000000000000000 01060708170029710817                    100817000000000349034109440010708170000250000000000000000000000000000000000000000000000000000000000000000000000000003490000000000000000000000000000000000000000000000000000010000000000000          0002729840060600000000000000000000000000000000000000000011
1022542123500018830940000316741000000                         00000000555201000000DM 00000000000000000000 01060708170008410717                    100717000000000294075630940010708170000250000000000000000000000000000000000000000000000000000000000000000000000000003494000000000055400000000000000000000000000000000000000010000000000000          0004459589168700000000000000000000000000000000000000000012
1022542123500018830940000316741000000                         00000000700101000000DM 00000000000000000000 01060708170009530817                    100817000000000294010400970010708170000250000000000000000000000000000000000000000000000000000000000000000000000000002940000000000000000000000000000000000000000000000000000010000000000000          0004361846464900000000000000000000000000000000000000000013
1022542123500018830940000316741000000                         00000000664001000000DM 00000000000000000000 01060708170006480817                    100817000000000349010400970010708170000250000000000000000000000000000000000000000000000000000000000000000000000000003490000000000000000000000000000000000000000000000000000010000000000000          0001612677762000000000000000000000000000000000000000000014
1022542123500018830940000316741000000                         00000000157001000000DM 00000000000000000000 01060708170000730817                    100817000000000294010400970010708170000250000000000000000000000000000000000000000000000000000000000000000000000000002940000000000000000000000000000000000000000000000000000010000000000000          0000243026943000000000000000000000000000000000000000000015
1022542123500018830940000316741000000                         00000000145101000000DM 00000000000000000000 01060708170000410817                    100817000000000294010400970010708170000250000000000000000000000000000000000000000000000000000000000000000000000000002940000000000000000000000000000000000000000000000000000010000000000000          0000565324365500000000000000000000000000000000000000000016
1022542123500018830940000316741000000                         00000001157901000000DM 00000000000000000000 01060708170017220917                    100917000000000294010400970010708170000250000000000000000000000000000000000000000000000000000000000000000000000000002940000000000000000000000000000000000000000000000000000010000000000000          0000326379860000000000000000000000000000000000000000000017
1022542123500018830940000316741000000                         00000002557501000000DM 00000000000000000000 01060708170004910917                    100917000000000294010400970010708170000250000000000000000000000000000000000000000000000000000000000000000000000000002940000000000000000000000000000000000000000000000000000010000000000000          0002624052160400000000000000000000000000000000000000000018
9027563094SICOOB CREDIARA          RUA MARIA RITA DE AGUIAR                          CENTRO                        38183236ARAXÁ                         MG100820170000001700000000113                                                                                                                                                                                                                    000019
