02RETORNO01COBRANÇA       30940000327964316741J REZENDE - ME                756 - BANCOOB S/A 0408170000132                                                                                                                                                                                                                                                                                               000001
1022542123500018830940000316741000000                         00000002323101000000DM 00000000000000000000 01060308170004270817                    100817000000000294010400970010308170000250000000000000000000000000000000000000000000000000000000000000000000000000002940000000000000000000000000000000000000000000000000000010000000000000          0000329979965700000000000000000000000000000000000000000002
1022542123500018830940000316741000000                         00000000748401000000DM 00000000000000000000 01060308170010210817                    100817000000000294010400970010308170000250000000000000000000000000000000000000000000000000000000000000000000000000002940000000000000000000000000000000000000000000000000000010000000000000          0007187518269100000000000000000000000000000000000000000003
1022542123500018830940000316741000000                         00000001204001000000DM 00000000000000000000 01060308170017750817                    100817000000000294010400970010308170000250000000000000000000000000000000000000000000000000000000000000000000000000002940000000000000000000000000000000000000000000000000000010000000000000          0002729843469100000000000000000000000000000000000000000004
1022542123500018830940000316741000000                         00000002131701000000DM 00000000000000000000 01060308170026750817                    100817000000000349034199260010308170000250000000000000000000000000000000000000000000000000000000000000000000000000003490000000000000000000000000000000000000000000000000000010000000000000          0001130201368800000000000000000000000000000000000000000005
1022542123500018830940000316741000000                         00000002287001000000DM 00000000000000000000 01060308170015230817                    100817000000000294010400970010308170000250000000000000000000000000000000000000000000000000000000000000000000000000002940000000000000000000000000000000000000000000000000000010000000000000          0003225778362000000000000000000000000000000000000000000006
9027563094SICOOB CREDIARA          RUA MARIA RITA DE AGUIAR                          CENTRO                        38183236ARAXÁ                         MG040820170000000500000000113                                                                                                                                                                                                                    000007
