02RETORNO01COBRANÇA       30940000327964316741J REZENDE - ME                756 - BANCOOB S/A 1408170000139                                                                                                                                                                                                                                                                                               000001
1022542123500018830940000316741000000                         00000000180001000000DM 00000000000000000000 01060208170001520817                    100817000000000294063400190010208170000250000000000000000000000000000000000000000000000000000000000000000000000000002940000000000000000000000000000000000000000000000000000010000000000000          0000719132169500000000000000000000000000000000000000000002
1022542123500018830940000316741000000                         00000002191901000000DM 00000000000000000000 01060208170027130817                    100817000000000349010400970010208170000250000000000000000000000000000000000000000000000000000000000000000000000000003490000000000000000000000000000000000000000000000000000010000000000000          0009652261564900000000000000000000000000000000000000000003
1022542123500018830940000316741000000                         00000001915401000000DM 00000000000000000000 01060208170025190817                    100817000000000349010407080010208170000250000000000000000000000000000000000000000000000000000000000000000000000000003490000000000000000000000000000000000000000000000000000010000000000000          0008540006863400000000000000000000000000000000000000000004
1022542123500018830940000316741000000                         00000000748401000000DM 00000000000000000000 01060308170010210817                    100817000000000294010400970010308170000250000000000000000000000000000000000000000000000000000000000000000000000000002940000000000000000000000000000000000000000000000000000010000000000000          0007187518269100000000000000000000000000000000000000000005
1022542123500018830940000316741000000                         00000001204001000000DM 00000000000000000000 01060308170017750817                    100817000000000294010400970010308170000250000000000000000000000000000000000000000000000000000000000000000000000000002940000000000000000000000000000000000000000000000000000010000000000000          0002729843469100000000000000000000000000000000000000000006
1022542123500018830940000316741000000                         00000000857201000000DM 00000000000000000000 01060108170011610917                    100917000000000294010400970010108170000250000000000000000000000000000000000000000000000000000000000000000000000000002940000000000000000000000000000000000000000000000000000010000000000000          0004342743060000000000000000000000000000000000000000000007
1022542123500018830940000316741000000                         00000001540101000000DM 00000000000000000000 01060108170028810817                    100817000000000349000102100010108170000250000000000000000000000000000000000000000000000000000000000000000000000000003490000000000000000000000000000000000000000000000000000010000000000000          0002729612165300000000000000000000000000000000000000000008
1022542123500018830940000316741000000                         00000002143501000000DM 00000000000000000000 01060208170026860817                    100817000000000349010400970010208170000250000000000000000000000000000000000000000000000000000000000000000000000000003490000000000000000000000000000000000000000000000000000010000000000000          0003407094060000000000000000000000000000000000000000000009
1022542123500018830940000316741000000                         00000001732601000000DM 00000000000000000000 01060208170029770817                    100817000000000349034199260010208170000250000000000000000000000000000000000000000000000000000000000000000000000000003490000000000000000000000000000000000000000000000000000010000000000000          0006219557360000000000000000000000000000000000000000000010
1022542123500018830940000316741000000                         00000000446401000000DM 00000000000000000000 01060208170007200817                    100817000000000294034199260010208170000250000000000000000000000000000000000000000000000000000000000000000000000000002940000000000000000000000000000000000000000000000000000010000000000000          0003609756063000000000000000000000000000000000000000000011
1022542123500018830940000316741000000                         00000002239701000000DM 00000000000000000000 01060208170014480817                    100817000000000294010400970010208170000250000000000000000000000000000000000000000000000000000000000000000000000000002940000000000000000000000000000000000000000000000000000010000000000000          0005227926069700000000000000000000000000000000000000000012
1022542123500018830940000316741000000                         00000001468501000000DM 00000000000000000000 01060208170027730817                    100817000000000349010400970010208170000250000000000000000000000000000000000000000000000000000000000000000000000000003490000000000000000000000000000000000000000000000000000010000000000000          0006612363169100000000000000000000000000000000000000000013
1022542123500018830940000316741000000                         00000002131701000000DM 00000000000000000000 01060308170026750817                    100817000000000349034199260010308170000250000000000000000000000000000000000000000000000000000000000000000000000000003490000000000000000000000000000000000000000000000000000010000000000000          0001130201368800000000000000000000000000000000000000000014
1022542123500018830940000316741000000                         00000002323101000000DM 00000000000000000000 01060308170004270817                    100817000000000294010400970010308170000250000000000000000000000000000000000000000000000000000000000000000000000000002940000000000000000000000000000000000000000000000000000010000000000000          0000329979965700000000000000000000000000000000000000000015
1022542123500018830940000316741000000                         00000000976401000000DM 00000000000000000000 01060208170024350817                    100817000000000294010400970010208170000250000000000000000000000000000000000000000000000000000000000000000000000000002940000000000000000000000000000000000000000000000000000010000000000000          0008566563069100000000000000000000000000000000000000000016
1022542123500018830940000316741000000                         00000002287001000000DM 00000000000000000000 01060308170015230817                    100817000000000294010400970010308170000250000000000000000000000000000000000000000000000000000000000000000000000000002940000000000000000000000000000000000000000000000000000010000000000000          0003225778362000000000000000000000000000000000000000000017
9027563094SICOOB CREDIARA          RUA MARIA RITA DE AGUIAR                          CENTRO                        38183236ARAXÁ                         MG140820170000001600000000113                                                                                                                                                                                                                    000018
