02RETORNO01COBRANÇA       30940000327964316741J REZENDE - ME                756 - BANCOOB S/A 2808170000145                                                                                                                                                                                                                                                                                               000001
1022542123500018830940000316741000000                         00000000773901000000DM 00000000000000000000 01061708170010620917                    100917000000000294010400970011708170000250000000000000000000000000000000000000000000000000000000000000000000000000002940000000000000000000000000000000000000000000000000000010000000000000          0000055756263500000000000000000000000000000000000000000002
1022542123500018830940000316741000000                         00000000156201000000DM 00000000000000000000 01061708170000730717                    100717000000000294075630940011708170000250000000000000000000000000000000000000000000000000000000000000000000000000002945000000000000500000000000000000000000000000000000000010000000000000          0000243026943000000000000000000000000000000000000000000003
9027563094SICOOB CREDIARA          RUA MARIA RITA DE AGUIAR                          CENTRO                        38183236ARAXÁ                         MG280820170000000200000000113                                                                                                                                                                                                                    000004
