02RETORNO01COBRANÇA       30940000327964316741J REZENDE - ME                756 - BANCOOB S/A 0208170000131                                                                                                                                                                                                                                                                                               000001
1022542123500018830940000316741000000                         00000001540101000000DM 00000000000000000000 01060108170028810817                    100817000000000349000102100010108170000250000000000000000000000000000000000000000000000000000000000000000000000000003490000000000000000000000000000000000000000000000000000010000000000000          0002729612165300000000000000000000000000000000000000000002
1022542123500018830940000316741000000                         00000000857201000000DM 00000000000000000000 01060108170011610917                    100917000000000294010400970010108170000250000000000000000000000000000000000000000000000000000000000000000000000000002940000000000000000000000000000000000000000000000000000010000000000000          0004342743060000000000000000000000000000000000000000000003
9027563094SICOOB CREDIARA          RUA MARIA RITA DE AGUIAR                          CENTRO                        38183236ARAXÁ                         MG020820170000000200000000113                                                                                                                                                                                                                    000004
