02RETORNO01COBRANÇA       30940000327964316741J REZENDE - ME                756 - BANCOOB S/A 1108170000137                                                                                                                                                                                                                                                                                               000001
1022542123500018830940000316741000000                         00000001486801000000DM 00000000000000000000 01091008170028150201                    100217000000000349075630940011008170000000000000000000000000000000000000000000000000000000000000000000000000000000003490000000000000000000000000000000000000000000000000000010000000000000          0001026372666500000000000000000000000000000000000000000002
1022542123500018830940000316741000000                         00000000634001000000DM 00000000000000000000 01091008170005450217                    100217000000000294075630940011008170000000000000000000000000000000000000000000000000000000000000000000000000000000002940000000000000000000000000000000000000000000000000000010000000000000          0003013578866800000000000000000000000000000000000000000003
1022542123500018830940000316741000000                         00000000766701000000DM 00000000000000000000 01091008170010620217                    100217000000000294075630940011008170000000000000000000000000000000000000000000000000000000000000000000000000000000002940000000000000000000000000000000000000000000000000000010000000000000          0000055756263500000000000000000000000000000000000000000004
1022542123500018830940000316741000000                         00000001414801000000DM 00000000000000000000 01091008170023620217                    100217000000000294075630940011008170000000000000000000000000000000000000000000000000000000000000000000000000000000002940000000000000000000000000000000000000000000000000000010000000000000          0009217048054400000000000000000000000000000000000000000005
1022542123500018830940000316741000000                         00000000127901000000DM 00000000000000000000 01091008170000600217                    100217000000000349075630940011008170000000000000000000000000000000000000000000000000000000000000000000000000000000003490000000000000000000000000000000000000000000000000000010000000000000          0005496202167200000000000000000000000000000000000000000006
1022542123500018830940000316741000000                         00000001798101000000DM 00000000000000000000 01091008170030290217                    100217000000000349075630940011008170000000000000000000000000000000000000000000000000000000000000000000000000000000003490000000000000000000000000000000000000000000000000000010000000000000          0001252081260500000000000000000000000000000000000000000007
1022542123500018830940000316741000000                         00000001885801000000DM 00000000000000000000 01091008170030360217                    100217000000000349075630940011008170000000000000000000000000000000000000000000000000000000000000000000000000000000003490000000000000000000000000000000000000000000000000000010000000000000          0003618392060600000000000000000000000000000000000000000008
1022542123500018830940000316741000000                         00000001987401000000DM 00000000000000000000 01061008170025800817                    100817000000000349010400970011008170000250000000000000000000000000000000000000000000000000000000000000000000000000003490000000000000000000000000000000000000000000000000000010000000000000          0007188615063000000000000000000000000000000000000000000009
1022542123500018830940000316741000000                         00000002430501000000DM 00000000000000000000 01091008170026590217                    100217000000000349075630940011008170000000000000000000000000000000000000000000000000000000000000000000000000000000003490000000000000000000000000000000000000000000000000000010000000000000          0001014914566700000000000000000000000000000000000000000010
1022542123500018830940000316741000000                         00000001786301000000DM 00000000000000000000 01091008170030180217                    100217000000000349075630940011008170000000000000000000000000000000000000000000000000000000000000000000000000000000003490000000000000000000000000000000000000000000000000000010000000000000          0000706059360800000000000000000000000000000000000000000011
1022542123500018830940000316741000000                         00000000556001000000DM 00000000000000000000 01061008170008410817                    100817000000000294010400970011008170000250000000000000000000000000000000000000000000000000000000000000000000000000002940000000000000000000000000000000000000000000000000000010000000000000          0004459589168700000000000000000000000000000000000000000012
1022542123500018830940000316741000000                         00000000610301000000DM 00000000000000000000 01091008170005350217                    100217000000000294075630940011008170000000000000000000000000000000000000000000000000000000000000000000000000000000002940000000000000000000000000000000000000000000000000000010000000000000          0000659773163800000000000000000000000000000000000000000013
1022542123500018830940000316741000000                         00000001096401000000DM 00000000000000000000 01061008170015840817                    100817000000000294010400970011008170000250000000000000000000000000000000000000000000000000000000000000000000000000002940000000000000000000000000000000000000000000000000000010000000000000          0006872201061000000000000000000000000000000000000000000014
1022542123500018830940000316741000000                         00000001768001000000DM 00000000000000000000 01061008170030110817                    100817000000000349075630940011008170000250000000000000000000000000000000000000000000000000000000000000000000000000003490000000000000000000000000000000000000000000000000000010000000000000          0001104048469700000000000000000000000000000000000000000015
1022542123500018830940000316741000000                         00000001714301000000DM 00000000000000000000 01091008170029730217                    100217000000000349075630940011008170000000000000000000000000000000000000000000000000000000000000000000000000000000003490000000000000000000000000000000000000000000000000000010000000000000          0007874980867200000000000000000000000000000000000000000016
1022542123500018830940000316741000000                         00000002227901000000DM 00000000000000000000 01061008170014430817                    100817000000000294010400970011008170000250000000000000000000000000000000000000000000000000000000000000000000000000002940000000000000000000000000000000000000000000000000000010000000000000          0000696140365400000000000000000000000000000000000000000017
1022542123500018830940000316741000000                         00000000211301000000DM 00000000000000000000 01091008170003180217                    100217000000000294075630940011008170000000000000000000000000000000000000000000000000000000000000000000000000000000002940000000000000000000000000000000000000000000000000000010000000000000          0000949559261500000000000000000000000000000000000000000018
1022542123500018830940000316741000000                         00000000289701000000DM 00000000000000000000 01061008170004140817                    100817000000000349003334670011008170000250000000000000000000000000000000000000000000000000000000000000000000000000003490000000000000000000000000000000000000000000000000000010000000000000          0000303613564200000000000000000000000000000000000000000019
1022542123500018830940000316741000000                         00000000416301000000DM 00000000000000000000 01091008170007010217                    100217000000000294075630940011008170000000000000000000000000000000000000000000000000000000000000000000000000000000002940000000000000000000000000000000000000000000000000000010000000000000          0006529267760400000000000000000000000000000000000000000020
1022542123500018830940000316741000000                         00000000452901000000DM 00000000000000000000 01091008170007350217                    100217000000000294075630940011008170000000000000000000000000000000000000000000000000000000000000000000000000000000002940000000000000000000000000000000000000000000000000000010000000000000          0001043534261400000000000000000000000000000000000000000021
1022542123500018830940000316741000000                         00000000682301000000DM 00000000000000000000 01091008170009500217                    100217000000000294075630940011008170000000000000000000000000000000000000000000000000000000000000000000000000000000002940000000000000000000000000000000000000000000000000000010000000000000          0002436214069700000000000000000000000000000000000000000022
1022542123500018830940000316741000000                         00000000838201000000DM 00000000000000000000 01091008170011390217                    100217000000000294075630940011008170000000000000000000000000000000000000000000000000000000000000000000000000000000002940000000000000000000000000000000000000000000000000000010000000000000          0009651106069100000000000000000000000000000000000000000023
1022542123500018830940000316741000000                         00000000922701000000DM 00000000000000000000 01091008170013270217                    100217000000000294075630940011008170000000000000000000000000000000000000000000000000000000000000000000000000000000002940000000000000000000000000000000000000000000000000000010000000000000          0005974586069700000000000000000000000000000000000000000024
1022542123500018830940000316741000000                         00000000362001000000DM 00000000000000000000 01061008170030410817                    100817000000000349010400970011008170000250000000000000000000000000000000000000000000000000000000000000000000000000003490000000000000000000000000000000000000000000000000000010000000000000          0006919796260000000000000000000000000000000000000000000025
1022542123500018830940000316741000000                         00000002692501000000DM 00000000000000000000 01061008171000090717                    100817000000000319034199260011008170000250000000000000000000000000000000000000000000000000000000000000000000000000003190000000000000000000000000000000000000000000000000000010000000000000          7097303700042400000000000000000000000000000000000000000026
1022542123500018830940000316741000000                         00000000482001000000DM 00000000000000000000 01061008170007430817                    100817000000000294003334670011008170000250000000000000000000000000000000000000000000000000000000000000000000000000002940000000000000000000000000000000000000000000000000000010000000000000          0000653259166100000000000000000000000000000000000000000027
1022542123500018830940000316741000000                         00000000808101000000DM 00000000000000000000 01061008170011030817                    100817000000000294034199260011008170000250000000000000000000000000000000000000000000000000000000000000000000000000002940000000000000000000000000000000000000000000000000000010000000000000          0008715135969100000000000000000000000000000000000000000028
1022542123500018830940000316741000000                         00000002345301000000DM 00000000000000000000 01091008170029790217                    100217000000000349075630940011008170000000000000000000000000000000000000000000000000000000000000000000000000000000003490000000000000000000000000000000000000000000000000000010000000000000          0000858497662000000000000000000000000000000000000000000029
1022542123500018830940000316741000000                         00000000410001000000DM 00000000000000000000 01061008170006790817                    100817000000000349010400970011008170000250000000000000000000000000000000000000000000000000000000000000000000000000003490000000000000000000000000000000000000000000000000000010000000000000          0003619380163400000000000000000000000000000000000000000030
1022542123500018830940000316741000000                         00000000458201000000DM 00000000000000000000 01061008170007350817                    100817000000000294010400970011008170000250000000000000000000000000000000000000000000000000000000000000000000000000002940000000000000000000000000000000000000000000000000000010000000000000          0001043534261400000000000000000000000000000000000000000031
1022542123500018830940000316741000000                         00000000892001000000DM 00000000000000000000 01061008170012200817                    100817000000000294003334670011008170000250000000000000000000000000000000000000000000000000000000000000000000000000002940000000000000000000000000000000000000000000000000000010000000000000          0005183755876000000000000000000000000000000000000000000032
1022542123500018830940000316741000000                         00000002697101000000DM 00000000000000000000 01061008171000150717                    100817000000001276034199260011008170000250000000000000000000000000000000000000000000000000000000000000000000000000012760000000000000000000000000000000000000000000000000000010000000000000          7097303700093900000000000000000000000000000000000000000033
1022542123500018830940000316741000000                         00000002095601000000DM 00000000000000000000 01061008170026650817                    100817000000000349034109440011008170000250000000000000000000000000000000000000000000000000000000000000000000000000003490000000000000000000000000000000000000000000000000000010000000000000          0000694769266000000000000000000000000000000000000000000034
1022542123500018830940000316741000000                         00000000205901000000DM 00000000000000000000 01061008170002560817                    100817000000000294010400970011008170000250000000000000000000000000000000000000000000000000000000000000000000000000002940000000000000000000000000000000000000000000000000000010000000000000          0000474784860600000000000000000000000000000000000000000035
1022542123500018830940000316741000000                         00000000115001000000DM 00000000000000000000 01091008170000480217                    100217000000000294075630940011008170000000000000000000000000000000000000000000000000000000000000000000000000000000002940000000000000000000000000000000000000000000000000000010000000000000          0005239992363400000000000000000000000000000000000000000036
1022542123500018830940000316741000000                         00000000404501000000DM 00000000000000000000 01091008170006790217                    100217000000000349075630940011008170000000000000000000000000000000000000000000000000000000000000000000000000000000003490000000000000000000000000000000000000000000000000000010000000000000          0003619380163400000000000000000000000000000000000000000037
1022542123500018830940000316741000000                         00000000652201000000DM 00000000000000000000 01061008170005930817                    100817000000000294034199260011008170000250000000000000000000000000000000000000000000000000000000000000000000000000002940000000000000000000000000000000000000000000000000000010000000000000          0003023575860400000000000000000000000000000000000000000038
1022542123500018830940000316741000000                         00000000778501000000DM 00000000000000000000 01091008170010740217                    100217000000000349075630940011008170000000000000000000000000000000000000000000000000000000000000000000000000000000003490000000000000000000000000000000000000000000000000000010000000000000          0008537504769100000000000000000000000000000000000000000039
1022542123500018830940000316741000000                         00000000844701000000DM 00000000000000000000 01061008170011390817                    100817000000000294010400970011008170000250000000000000000000000000000000000000000000000000000000000000000000000000002940000000000000000000000000000000000000000000000000000010000000000000          0009651106069100000000000000000000000000000000000000000040
1022542123500018830940000316741000000                         00000000910901000000DM 00000000000000000000 01091008170012340217                    100217000000000294075630940011008170000000000000000000000000000000000000000000000000000000000000000000000000000000002940000000000000000000000000000000000000000000000000000010000000000000          0008461066260400000000000000000000000000000000000000000041
1022542123500018830940000316741000000                         00000001951001000000DM 00000000000000000000 01061008170025530817                    100817000000000349010400970011008170000250000000000000000000000000000000000000000000000000000000000000000000000000003490000000000000000000000000000000000000000000000000000010000000000000          0000588234869200000000000000000000000000000000000000000042
1022542123500018830940000316741000000                         00000002149901000000DM 00000000000000000000 01091008170026890217                    100217000000000349075630940011008170000000000000000000000000000000000000000000000000000000000000000000000000000000003490000000000000000000000000000000000000000000000000000010000000000000          0000027534863600000000000000000000000000000000000000000043
1022542123500018830940000316741000000                         00000001408301000000DM 00000000000000000000 01061008170023390817                    100817000000000349010400970011008170000250000000000000000000000000000000000000000000000000000000000000000000000000003490000000000000000000000000000000000000000000000000000010000000000000          0003615945069700000000000000000000000000000000000000000044
1022542123500018830940000316741000000                         00000001293601000000DM 00000000000000000000 01091008170030200117                    100217000000000319075630940011008170000000000000000000000000000000000000000000000000000000000000000000000000000000003190000000000000000000000000000000000000000000000000000010000000000000          0000859660265800000000000000000000000000000000000000000045
1022542123500018830940000316741000000                         00000002690001000000DM 00000000000000000000 01061008171000070717                    100817000000000957034199260011008170000250000000000000000000000000000000000000000000000000000000000000000000000000009570000000000000000000000000000000000000000000000000000010000000000000          7097303700069600000000000000000000000000000000000000000046
1022542123500018830940000316741000000                         00000002693201000000DM 00000000000000000000 01061008171000100717                    100817000000000638034199260011008170000250000000000000000000000000000000000000000000000000000000000000000000000000006380000000000000000000000000000000000000000000000000000010000000000000          7097303700034300000000000000000000000000000000000000000047
1022542123500018830940000316741000000                         00000002695701000000DM 00000000000000000000 01061008171000120717                    100817000000002989534199260011008170000250000000000000000000000000000000000000000000000000000000000000000000000000029895000000000000000000000000000000000000000000000000000010000000000000          7097216100012200000000000000000000000000000000000000000048
1022542123500018830940000316741000000                         00000000235001000000DM 00000000000000000000 01091008170003300217                    100217000000000294075630940011008170000000000000000000000000000000000000000000000000000000000000000000000000000000002940000000000000000000000000000000000000000000000000000010000000000000          0000916024261200000000000000000000000000000000000000000049
1022542123500018830940000316741000000                         00000000392101000000DM 00000000000000000000 01091008170006510217                    100217000000000294075630940011008170000000000000000000000000000000000000000000000000000000000000000000000000000000002940000000000000000000000000000000000000000000000000000010000000000000          0006345744697000000000000000000000000000000000000000000050
1022542123500018830940000316741000000                         00000002305901000000DM 00000000000000000000 01091008170015560217                    100217000000000294075630940011008170000000000000000000000000000000000000000000000000000000000000000000000000000000002940000000000000000000000000000000000000000000000000000010000000000000          0006112200961500000000000000000000000000000000000000000051
1022542123500018830940000316741000000                         00000002333501000000DM 00000000000000000000 01091008170011100217                    100217000000000294075630940011008170000000000000000000000000000000000000000000000000000000000000000000000000000000002940000000000000000000000000000000000000000000000000000010000000000000          0005856618068200000000000000000000000000000000000000000052
1022542123500018830940000316741000000                         00000000916201000000DM 00000000000000000000 01061008170012340817                    100817000000000294010400970011008170000250000000000000000000000000000000000000000000000000000000000000000000000000002940000000000000000000000000000000000000000000000000000010000000000000          0008461066260400000000000000000000000000000000000000000053
1022542123500018830940000316741000000                         00000000934501000000DM 00000000000000000000 01091008170013510217                    100217000000000294075630940011008170000000000000000000000000000000000000000000000000000000000000000000000000000000002940000000000000000000000000000000000000000000000000000010000000000000          0009006468266800000000000000000000000000000000000000000054
1022542123500018830940000316741000000                         00000001588401000000DM 00000000000000000000 01061008170028970817                    100817000000000349010400970011008170000250000000000000000000000000000000000000000000000000000000000000000000000000003490000000000000000000000000000000000000000000000000000010000000000000          0005968516666800000000000000000000000000000000000000000055
1022542123500018830940000316741000000                         00000001305001000000DM 00000000000000000000 01091008170030210117                    100217000000000319075630940011008170000000000000000000000000000000000000000000000000000000000000000000000000000000003190000000000000000000000000000000000000000000000000000010000000000000          0000821220462600000000000000000000000000000000000000000056
1022542123500018830940000316741000000                         00000000464701000000DM 00000000000000000000 01091008170007400217                    100217000000000294075630940011008170000000000000000000000000000000000000000000000000000000000000000000000000000000002940000000000000000000000000000000000000000000000000000010000000000000          0005051206417200000000000000000000000000000000000000000057
1022542123500018830940000316741000000                         00000002691801000000DM 00000000000000000000 01061008171000080717                    100817000000001838563400190011008170000250000000000000000000000000000000000000000000000000000000000000000000000000018385000000000000000000000000000000000000000000000000000010000000000000          3874637600011200000000000000000000000000000000000000000058
1022542123500018830940000316741000000                         00000000538701000000DM 00000000000000000000 01091008170001540217                    100217000000000294075630940011008170000000000000000000000000000000000000000000000000000000000000000000000000000000002940000000000000000000000000000000000000000000000000000010000000000000          0008246321269100000000000000000000000000000000000000000059
1022542123500018830940000316741000000                         00000001186201000000DM 00000000000000000000 01091008170017670217                    100217000000000294075630940011008170000000000000000000000000000000000000000000000000000000000000000000000000000000002940000000000000000000000000000000000000000000000000000010000000000000          0000314784764000000000000000000000000000000000000000000060
1022542123500018830940000316741000000                         00000001825601000000DM 00000000000000000000 01091008170030400217                    100217000000000349075630940011008170000000000000000000000000000000000000000000000000000000000000000000000000000000003490000000000000000000000000000000000000000000000000000010000000000000          0009240028064900000000000000000000000000000000000000000061
1022542123500018830940000316741000000                         00000001897601000000DM 00000000000000000000 01091008170030380217                    100217000000000349075630940011008170000000000000000000000000000000000000000000000000000000000000000000000000000000003490000000000000000000000000000000000000000000000000000010000000000000          0000390944564000000000000000000000000000000000000000000062
1022542123500018830940000316741000000                         00000002215001000000DM 00000000000000000000 01061008170014420817                    100817000000000294010400970011008170000250000000000000000000000000000000000000000000000000000000000000000000000000002940000000000000000000000000000000000000000000000000000010000000000000          0000534757766500000000000000000000000000000000000000000063
1022542123500018830940000316741000000                         00000002479501000000DM 00000000000000000000 01091008170029720217                    100217000000000319075630940011008170000000000000000000000000000000000000000000000000000000000000000000000000000000003190000000000000000000000000000000000000000000000000000010000000000000          0001294552163600000000000000000000000000000000000000000064
1022542123500018830940000316741000000                         00000002497801000000DM 00000000000000000000 01061008170030420817                    100817000000000349034199260011008170000250000000000000000000000000000000000000000000000000000000000000000000000000003490000000000000000000000000000000000000000000000000000010000000000000          0001076302165200000000000000000000000000000000000000000065
1022542123500018830940000316741000000                         00000002694001000000DM 00000000000000000000 01061008171000110717                    100817000000000987063400190011008170000250000000000000000000000000000000000000000000000000000000000000000000000000009870000000000000000000000000000000000000000000000000000010000000000000          3874637600038400000000000000000000000000000000000000000066
1022542123500018830940000316741000000                         00000001570201000000DM 00000000000000000000 01091008170028940217                    100217000000000349075630940011008170000000000000000000000000000000000000000000000000000000000000000000000000000000003490000000000000000000000000000000000000000000000000000010000000000000          0007004592561500000000000000000000000000000000000000000067
1022542123500018830940000316741000000                         00000002405001000000DM 00000000000000000000 01091008170015600217                    100217000000000294075630940011008170000000000000000000000000000000000000000000000000000000000000000000000000000000002940000000000000000000000000000000000000000000000000000010000000000000          0000477735789900000000000000000000000000000000000000000068
1022542123500018830940000316741000000                         00000001036201000000DM 00000000000000000000 01061008170017830817                    100817000000000294075630940011008170000250000000000000000000000000000000000000000000000000000000000000000000000000002940000000000000000000000000000000000000000000000000000010000000000000          0007674540669100000000000000000000000000000000000000000069
1022542123500018830940000316741000000                         00000002561501000000DM 00000000000000000000 01091008170029490217                    100217000000000349075630940011008170000000000000000000000000000000000000000000000000000000000000000000000000000000003490000000000000000000000000000000000000000000000000000010000000000000          0007246053964900000000000000000000000000000000000000000070
1022542123500018830940000316741000000                         00000002696401000000DM 00000000000000000000 01061008171000140717                    100817000000000319063400190011008170000250000000000000000000000000000000000000000000000000000000000000000000000000003190000000000000000000000000000000000000000000000000000010000000000000          3874637600046500000000000000000000000000000000000000000071
1022542123500018830940000316741000000                         00000002699601000000DM 00000000000000000000 01061008171000210717                    100817000000000577510400970011008170000250000000000000000000000000000000000000000000000000000000000000000000000000005775000000000000000000000000000000000000000000000000000010000000000000          6522717500018100000000000000000000000000000000000000000072
1022542123500018830940000316741000000                         00000002703101000000DM 00000000000000000000 01061008170030610817                    100817000000000349010400970011008170000250000000000000000000000000000000000000000000000000000000000000000000000000003490000000000000000000000000000000000000000000000000000010000000000000          0001017077665400000000000000000000000000000000000000000073
9027563094SICOOB CREDIARA          RUA MARIA RITA DE AGUIAR                          CENTRO                        38183236ARAXÁ                         MG110820170000007200000000113                                                                                                                                                                                                                    000074
