02RETORNO01COBRANÇA       30940000327964316741J REZENDE - ME                756 - BANCOOB S/A 0205170000133                                                                                                                                                                                                                                                                                               000001
1022542123500018830940000316741000000                         00000001117401000000DM 00000000000000000000 01060205170016360517                    100517000000000349010400970010205170000250000000000000000000000000000000000000000000000000000000000000000000000000003490000000000000000000000000000000000000000000000000000010000000000000          0004340692069100000000000000000000000000000000000000000002
1022542123500018830940000316741000000                         00000001465301000000DM 00000000000000000000 01060205170027730517                    100517000000000349010400970010205170000250000000000000000000000000000000000000000000000000000000000000000000000000003490000000000000000000000000000000000000000000000000000010000000000000          0006612363169100000000000000000000000000000000000000000003
1022542123500018830940000316741000000                         00000002116601000000DM 00000000000000000000 01060205170026740517                    100517000000000349023716910010205170000250000000000000000000000000000000000000000000000000000000000000000000000000003490000000000000000000000000000000000000000000000000000010000000000000          0000954360460600000000000000000000000000000000000000000004
1022542123500018830940000316741000000                         00000002188601000000DM 00000000000000000000 01060205170027130517                    100517000000000349010400970010205170000250000000000000000000000000000000000000000000000000000000000000000000000000003490000000000000000000000000000000000000000000000000000010000000000000          0009652261564900000000000000000000000000000000000000000005
1022542123500018830940000316741000000                         00000000154801000000DM 00000000000000000000 01060205170000730517                    100517000000000294010400970010205170000250000000000000000000000000000000000000000000000000000000000000000000000000002940000000000000000000000000000000000000000000000000000010000000000000          0000243026943000000000000000000000000000000000000000000006
1022542123500018830940000316741000000                         00000001405101000000DM 00000000000000000000 01060205170023390517                    100517000000000349010400970010205170000250000000000000000000000000000000000000000000000000000000000000000000000000003490000000000000000000000000000000000000000000000000000010000000000000          0003615945069700000000000000000000000000000000000000000007
9027563094SICOOB CREDIARA          RUA MARIA RITA DE AGUIAR                          CENTRO                        38183236ARAXÁ                         MG040820170000000600000000113                                                                                                                                                                                                                    000008
