02RETORNO01COBRANÇA       30940000327964316741J REZENDE - ME                756 - BANCOOB S/A 2908170000147                                                                                                                                                                                                                                                                                               000001
1022542123500018830940000316741000000                         00000002288801000000DM 00000000000000000000 01062808170015230917                    100917000000000294010400970012808170000250000000000000000000000000000000000000000000000000000000000000000000000000002940000000000000000000000000000000000000000000000000000010000000000000          0003225778362000000000000000000000000000000000000000000002
9027563094SICOOB CREDIARA          RUA MARIA RITA DE AGUIAR                          CENTRO                        38183236ARAXÁ                         MG290820170000000100000000113                                                                                                                                                                                                                    000003
