02RETORNO01COBRANÇA       30940000327964316741J REZENDE - ME                756 - BANCOOB S/A 2108170000143                                                                                                                                                                                                                                                                                               000001
1022542123500018830940000316741000000                         00000001678201000000DM 00000000000000000000 01091808170029680217                    180217000000000349075630940011808170000000000000000000000000000000000000000000000000000000000000000000000000000000003490000000000000000000000000000000000000000000000000000010000000000000          0000270724966100000000000000000000000000000000000000000002
9027563094SICOOB CREDIARA          RUA MARIA RITA DE AGUIAR                          CENTRO                        38183236ARAXÁ                         MG210820170000000100000000113                                                                                                                                                                                                                    000003
