02RETORNO01COBRANÇA       30940000327964316741J REZENDE - ME                756 - BANCOOB S/A 1408170000138                                                                                                                                                                                                                                                                                               000001
1022542123500018830940000316741000000                         00000001780001000000DM 00000000000000000000 01061108170030140817                    260817000000000349010400970011108170000250000000000000000000000000000000000000000000000000000000000000000000000000003490000000000000000000000000000000000000000000000000000010000000000000          0000506908968400000000000000000000000000000000000000000002
1022542123500018830940000316741000000                         00000001564801000000DM 00000000000000000000 01061108170028890817                    100817000000000349075630940011108170000250000000000000000000000000000000000000000000000000000000000000000000000000003493000000000000300000000000000000000000000000000000000010000000000000          0000564891363000000000000000000000000000000000000000000003
9027563094SICOOB CREDIARA          RUA MARIA RITA DE AGUIAR                          CENTRO                        38183236ARAXÁ                         MG140820170000000200000000113                                                                                                                                                                                                                    000004
