02RETORNO01COBRANÇA       30940000327964316741J REZENDE - ME                756 - BANCOOB S/A 0908170000136                                                                                                                                                                                                                                                                                               000001
1022542123500018830940000316741000000                         00000001108801000000DM 00000000000000000000 01060908170015980817                    100817000000000294010400970010908170000250000000000000000000000000000000000000000000000000000000000000000000000000002940000000000000000000000000000000000000000000000000000010000000000000          0007886934067800000000000000000000000000000000000000000002
1022542123500018830940000316741000000                         00000001060001000000DM 00000000000000000000 01060908170015610817                    100817000000000294010400970010908170000250000000000000000000000000000000000000000000000000000000000000000000000000002940000000000000000000000000000000000000000000000000000010000000000000          0000512874565100000000000000000000000000000000000000000003
1022542123500018830940000316741000000                         00000001120701000000DM 00000000000000000000 01060908170016360817                    100817000000000349010400970010908170000250000000000000000000000000000000000000000000000000000000000000000000000000003490000000000000000000000000000000000000000000000000000010000000000000          0004340692069100000000000000000000000000000000000000000004
1022542123500018830940000316741000000                         00000002203201000000DM 00000000000000000000 01060908170027360817                    100817000000000349010400970010908170000250000000000000000000000000000000000000000000000000000000000000000000000000003490000000000000000000000000000000000000000000000000000010000000000000          0006724457262000000000000000000000000000000000000000000005
1022542123500018830940000316741000000                         00000000532301000000DM 00000000000000000000 01060908170004160817                    100817000000000294034109440010908170000250000000000000000000000000000000000000000000000000000000000000000000000000002940000000000000000000000000000000000000000000000000000010000000000000          0009147587261500000000000000000000000000000000000000000006
1022542123500018830940000316741000000                         00000000604901000000DM 00000000000000000000 01060908170009010817                    100817000000000294010400970010908170000250000000000000000000000000000000000000000000000000000000000000000000000000002940000000000000000000000000000000000000000000000000000010000000000000          0009470166060400000000000000000000000000000000000000000007
1022542123500018830940000316741000000                         00000000676901000000DM 00000000000000000000 01060908170009450817                    100817000000000294010400970010908170000250000000000000000000000000000000000000000000000000000000000000000000000000002940000000000000000000000000000000000000000000000000000010000000000000          0009277825960000000000000000000000000000000000000000000008
1022542123500018830940000316741000000                         00000002645901000000DM 00000000000000000000 01060908170029060817                    100817000000000349010400970010908170000250000000000000000000000000000000000000000000000000000000000000000000000000003490000000000000000000000000000000000000000000000000000010000000000000          0007331229087200000000000000000000000000000000000000000009
1022542123500018830940000316741000000                         00000001855701000000DM 00000000000000000000 01060908170030330817                    100817000000000349010400970010908170000250000000000000000000000000000000000000000000000000000000000000000000000000003490000000000000000000000000000000000000000000000000000010000000000000          0008285259668700000000000000000000000000000000000000000010
1022542123500018830940000316741000000                         00000000291201000000DM 00000000000000000000 01060908170004141017                    101017000000000349003334670010908170000250000000000000000000000000000000000000000000000000000000000000000000000000003490000000000000000000000000000000000000000000000000000010000000000000          0000303613564200000000000000000000000000000000000000000011
1022542123500018830940000316741000000                         00000000277901000000DM 00000000000000000000 01060908170004110817                    100817000000000349010400970010908170000250000000000000000000000000000000000000000000000000000000000000000000000000003490000000000000000000000000000000000000000000000000000010000000000000          0007246051260000000000000000000000000000000000000000000012
1022542123500018830940000316741000000                         00000000374901000000DM 00000000000000000000 01060908170004350817                    100817000000000294034109440010908170000250000000000000000000000000000000000000000000000000000000000000000000000000002940000000000000000000000000000000000000000000000000000010000000000000          0001514063611500000000000000000000000000000000000000000013
1022542123500018830940000316741000000                         00000001879301000000DM 00000000000000000000 01060908170025270817                    100817000000000349010400970010908170000250000000000000000000000000000000000000000000000000000000000000000000000000003490000000000000000000000000000000000000000000000000000010000000000000          0000677178867900000000000000000000000000000000000000000014
1022542123500018830940000316741000000                         00000000253201000000DM 00000000000000000000 01060908170003720817                    100817000000000294010400970010908170000250000000000000000000000000000000000000000000000000000000000000000000000000002940000000000000000000000000000000000000000000000000000010000000000000          0000595338569200000000000000000000000000000000000000000015
1022542123500018830940000316741000000                         00000001492201000000DM 00000000000000000000 01060908170028150801                    100817000000000349010400970010908170000250000000000000000000000000000000000000000000000000000000000000000000000000003490000000000000000000000000000000000000000000000000000010000000000000          0001026372666500000000000000000000000000000000000000000016
1022542123500018830940000316741000000                         00000002700001000000DM 00000000000000000000 01060908171000240717                    100817000000001992010400970010908170000250000000000000000000000000000000000000000000000000000000000000000000000000019920000000000000000000000000000000000000000000000000000010000000000000          0488922000017900000000000000000000000000000000000000000017
1022542123500018830940000316741000000                         00000000628501000000DM 00000000000000000000 01060908170005190817                    100817000000000294010400970010908170000250000000000000000000000000000000000000000000000000000000000000000000000000002940000000000000000000000000000000000000000000000000000010000000000000          0007188477760000000000000000000000000000000000000000000018
1022542123500018830940000316741000000                         00000001240601000000DM 00000000000000000000 01060908170022660817                    100817000000000349010400970010908170000250000000000000000000000000000000000000000000000000000000000000000000000000003490000000000000000000000000000000000000000000000000000010000000000000          0004170441060600000000000000000000000000000000000000000019
1022542123500018830940000316741000000                         00000001168001000000DM 00000000000000000000 01060908170017340817                    100817000000000294010400970010908170000250000000000000000000000000000000000000000000000000000000000000000000000000002940000000000000000000000000000000000000000000000000000010000000000000          0006300667766800000000000000000000000000000000000000000020
1022542123500018830940000316741000000                         00000001504601000000DM 00000000000000000000 01060908170028160817                    100817000000000349010400970010908170000250000000000000000000000000000000000000000000000000000000000000000000000000003490000000000000000000000000000000000000000000000000000010000000000000          0008257197068200000000000000000000000000000000000000000021
1022542123500018830940000316741000000                         00000000217701000000DM 00000000000000000000 01060908170003180817                    100817000000000294010400970010908170000250000000000000000000000000000000000000000000000000000000000000000000000000002940000000000000000000000000000000000000000000000000000010000000000000          0000949559261500000000000000000000000000000000000000000022
1022542123500018830940000316741000000                         00000000169801000000DM 00000000000000000000 01060908170001140817                    100817000000000294010400970010908170000250000000000000000000000000000000000000000000000000000000000000000000000000002940000000000000000000000000000000000000000000000000000010000000000000          0004897155363400000000000000000000000000000000000000000023
1022542123500018830940000316741000000                         00000000337601000000DM 00000000000000000000 01060908170004530817                    100817000000000349010400970010908170000250000000000000000000000000000000000000000000000000000000000000000000000000003490000000000000000000000000000000000000000000000000000010000000000000          0005516708060600000000000000000000000000000000000000000024
1022542123500018830940000316741000000                         00000000386701000000DM 00000000000000000000 01060908170004730817                    100817000000000294010400970010908170000250000000000000000000000000000000000000000000000000000000000000000000000000002940000000000000000000000000000000000000000000000000000010000000000000          0004063987868700000000000000000000000000000000000000000025
1022542123500018830940000316741000000                         00000000193501000000DM 00000000000000000000 01060908170002470817                    100817000000000294010400970010908170000250000000000000000000000000000000000000000000000000000000000000000000000000002940000000000000000000000000000000000000000000000000000010000000000000          0000356167569700000000000000000000000000000000000000000026
1022542123500018830940000316741000000                         00000002107001000000DM 00000000000000000000 01060908170026710817                    100817000000000349010400970010908170000250000000000000000000000000000000000000000000000000000000000000000000000000003490000000000000000000000000000000000000000000000000000010000000000000          0005764341515300000000000000000000000000000000000000000027
9027563094SICOOB CREDIARA          RUA MARIA RITA DE AGUIAR                          CENTRO                        38183236ARAXÁ                         MG100820170000002600000000113                                                                                                                                                                                                                    000028
