01REMESSA01COBRAN«A       30945000327964      J REZENDE -ME                 756BANCOOBCED     0712160000003                                                                                                                                                                                                                                                                                               000001
1022542123500018830945000316741000000                         0000000084930100       0000000000          201010011610117100117000000000294075630945010161116010100099000100020000000000000000000900000000000000000000000000100043427430600celso antonio rodrigues                 RUA ALCEU GERALDO DA SILVA      ,95  SAO FRANCISC   38180249ARAXA          MG SENHOR CAIXA APOS O VENCIMENTO COBRAR J00 000002
1022542123500018830945000316741000000                         0000000085010100       0000000000          201010011610217100217000000000294075630945010161116010100099000100020000000000000000000900000000000000000000000000100043427430600celso antonio rodrigues                 RUA ALCEU GERALDO DA SILVA      ,95  SAO FRANCISC   38180249ARAXA          MG SENHOR CAIXA APOS O VENCIMENTO COBRAR J00 000003
1022542123500018830945000316741000000                         0000000085190100       0000000000          201010011610317100317000000000294075630945010161116010100099000100020000000000000000000900000000000000000000000000100043427430600celso antonio rodrigues                 RUA ALCEU GERALDO DA SILVA      ,95  SAO FRANCISC   38180249ARAXA          MG SENHOR CAIXA APOS O VENCIMENTO COBRAR J00 000004
1022542123500018830945000316741000000                         0000000085260100       0000000000          201010011610417100417000000000294075630945010161116010100099000100020000000000000000000900000000000000000000000000100043427430600celso antonio rodrigues                 RUA ALCEU GERALDO DA SILVA      ,95  SAO FRANCISC   38180249ARAXA          MG SENHOR CAIXA APOS O VENCIMENTO COBRAR J00 000005
1022542123500018830945000316741000000                         0000000085330100       0000000000          201010011610517100517000000000294075630945010161116010100099000100020000000000000000000900000000000000000000000000100043427430600celso antonio rodrigues                 RUA ALCEU GERALDO DA SILVA      ,95  SAO FRANCISC   38180249ARAXA          MG SENHOR CAIXA APOS O VENCIMENTO COBRAR J00 000006
1022542123500018830945000316741000000                         0000000085400100       0000000000          201010011610617100617000000000294075630945010161116010100099000100020000000000000000000900000000000000000000000000100043427430600celso antonio rodrigues                 RUA ALCEU GERALDO DA SILVA      ,95  SAO FRANCISC   38180249ARAXA          MG SENHOR CAIXA APOS O VENCIMENTO COBRAR J00 000007
1022542123500018830945000316741000000                         0000000085580100       0000000000          201010011610717100717000000000294075630945010161116010100099000100020000000000000000000900000000000000000000000000100043427430600celso antonio rodrigues                 RUA ALCEU GERALDO DA SILVA      ,95  SAO FRANCISC   38180249ARAXA          MG SENHOR CAIXA APOS O VENCIMENTO COBRAR J00 000008
1022542123500018830945000316741000000                         0000000085650100       0000000000          201010011610817100817000000000294075630945010161116010100099000100020000000000000000000900000000000000000000000000100043427430600celso antonio rodrigues                 RUA ALCEU GERALDO DA SILVA      ,95  SAO FRANCISC   38180249ARAXA          MG SENHOR CAIXA APOS O VENCIMENTO COBRAR J00 000009
1022542123500018830945000316741000000                         0000000085720100       0000000000          201010011610917100917000000000294075630945010161116010100099000100020000000000000000000900000000000000000000000000100043427430600celso antonio rodrigues                 RUA ALCEU GERALDO DA SILVA      ,95  SAO FRANCISC   38180249ARAXA          MG SENHOR CAIXA APOS O VENCIMENTO COBRAR J00 000010
1022542123500018830945000316741000000                         0000000085800100       0000000000          201010011611017101017000000000294075630945010161116010100099000100020000000000000000000900000000000000000000000000100043427430600celso antonio rodrigues                 RUA ALCEU GERALDO DA SILVA      ,95  SAO FRANCISC   38180249ARAXA          MG SENHOR CAIXA APOS O VENCIMENTO COBRAR J00 000011
1022542123500018830945000316741000000                         0000000085970100       0000000000          201010011611117101117000000000294075630945010161116010100099000100020000000000000000000900000000000000000000000000100043427430600celso antonio rodrigues                 RUA ALCEU GERALDO DA SILVA      ,95  SAO FRANCISC   38180249ARAXA          MG SENHOR CAIXA APOS O VENCIMENTO COBRAR J00 000012
1022542123500018830945000316741000000                         0000000086050100       0000000000          201010011611217101217000000000294075630945010161116010100099000100020000000000000000000900000000000000000000000000100043427430600celso antonio rodrigues                 RUA ALCEU GERALDO DA SILVA      ,95  SAO FRANCISC   38180249ARAXA          MG SENHOR CAIXA APOS O VENCIMENTO COBRAR J00 000013
1022542123500018830945000316741000000                         0000000086120100       0000000000          201010011880117100117000000000294075630945010161116010100099000100020000000000000000000900000000000000000000000000100096509260620nirmatele silva candido                 SEBASTI„O AFONSECA E SILVA      ,350 VILA SANTA T   38183258ARAXA          MG SENHOR CAIXA APOS O VENCIMENTO COBRAR J00 000014
1022542123500018830945000316741000000                         0000000086200100       0000000000          201010011880217100217000000000294075630945010161116010100099000100020000000000000000000900000000000000000000000000100096509260620nirmatele silva candido                 SEBASTI„O AFONSECA E SILVA      ,350 VILA SANTA T   38183258ARAXA          MG SENHOR CAIXA APOS O VENCIMENTO COBRAR J00 000015
1022542123500018830945000316741000000                         0000000086370100       0000000000          201010011880317100317000000000294075630945010161116010100099000100020000000000000000000900000000000000000000000000100096509260620nirmatele silva candido                 SEBASTI„O AFONSECA E SILVA      ,350 VILA SANTA T   38183258ARAXA          MG SENHOR CAIXA APOS O VENCIMENTO COBRAR J00 000016
1022542123500018830945000316741000000                         0000000086440100       0000000000          201010011880417100417000000000294075630945010161116010100099000100020000000000000000000900000000000000000000000000100096509260620nirmatele silva candido                 SEBASTI„O AFONSECA E SILVA      ,350 VILA SANTA T   38183258ARAXA          MG SENHOR CAIXA APOS O VENCIMENTO COBRAR J00 000017
1022542123500018830945000316741000000                         0000000086510100       0000000000          201010011880517100517000000000294075630945010161116010100099000100020000000000000000000900000000000000000000000000100096509260620nirmatele silva candido                 SEBASTI„O AFONSECA E SILVA      ,350 VILA SANTA T   38183258ARAXA          MG SENHOR CAIXA APOS O VENCIMENTO COBRAR J00 000018
1022542123500018830945000316741000000                         0000000086690100       0000000000          201010011880617100617000000000294075630945010161116010100099000100020000000000000000000900000000000000000000000000100096509260620nirmatele silva candido                 SEBASTI„O AFONSECA E SILVA      ,350 VILA SANTA T   38183258ARAXA          MG SENHOR CAIXA APOS O VENCIMENTO COBRAR J00 000019
1022542123500018830945000316741000000                         0000000086760100       0000000000          201010011880717100717000000000294075630945010161116010100099000100020000000000000000000900000000000000000000000000100096509260620nirmatele silva candido                 SEBASTI„O AFONSECA E SILVA      ,350 VILA SANTA T   38183258ARAXA          MG SENHOR CAIXA APOS O VENCIMENTO COBRAR J00 000020
1022542123500018830945000316741000000                         0000000086830100       0000000000          201010011880817100817000000000294075630945010161116010100099000100020000000000000000000900000000000000000000000000100096509260620nirmatele silva candido                 SEBASTI„O AFONSECA E SILVA      ,350 VILA SANTA T   38183258ARAXA          MG SENHOR CAIXA APOS O VENCIMENTO COBRAR J00 000021
1022542123500018830945000316741000000                         0000000086900100       0000000000          201010011880917100917000000000294075630945010161116010100099000100020000000000000000000900000000000000000000000000100096509260620nirmatele silva candido                 SEBASTI„O AFONSECA E SILVA      ,350 VILA SANTA T   38183258ARAXA          MG SENHOR CAIXA APOS O VENCIMENTO COBRAR J00 000022
1022542123500018830945000316741000000                         0000000087090100       0000000000          201010011881017101017000000000294075630945010161116010100099000100020000000000000000000900000000000000000000000000100096509260620nirmatele silva candido                 SEBASTI„O AFONSECA E SILVA      ,350 VILA SANTA T   38183258ARAXA          MG SENHOR CAIXA APOS O VENCIMENTO COBRAR J00 000023
1022542123500018830945000316741000000                         0000000087160100       0000000000          201010011881117101117000000000294075630945010161116010100099000100020000000000000000000900000000000000000000000000100096509260620nirmatele silva candido                 SEBASTI„O AFONSECA E SILVA      ,350 VILA SANTA T   38183258ARAXA          MG SENHOR CAIXA APOS O VENCIMENTO COBRAR J00 000024
1022542123500018830945000316741000000                         0000000087230100       0000000000          201010011881217101217000000000294075630945010161116010100099000100020000000000000000000900000000000000000000000000100096509260620nirmatele silva candido                 SEBASTI„O AFONSECA E SILVA      ,350 VILA SANTA T   38183258ARAXA          MG SENHOR CAIXA APOS O VENCIMENTO COBRAR J00 000025
1022542123500018830945000316741000000                         0000000087300100       0000000000          201010012100117100117000000000294075630945010171116010100099000100020000000000000000000900000000000000000000000000100071887172653heloiza helena rodrigues                RUA TUPI                        ,234 SANTO ANTONI   38182126ARAXA          MG SENHOR CAIXA APOS O VENCIMENTO COBRAR J00 000026
1022542123500018830945000316741000000                         0000000087480100       0000000000          201010012100217100217000000000294075630945010171116010100099000100020000000000000000000900000000000000000000000000100071887172653heloiza helena rodrigues                RUA TUPI                        ,234 SANTO ANTONI   38182126ARAXA          MG SENHOR CAIXA APOS O VENCIMENTO COBRAR J00 000027
1022542123500018830945000316741000000                         0000000087550100       0000000000          201010012100317100317000000000294075630945010171116010100099000100020000000000000000000900000000000000000000000000100071887172653heloiza helena rodrigues                RUA TUPI                        ,234 SANTO ANTONI   38182126ARAXA          MG SENHOR CAIXA APOS O VENCIMENTO COBRAR J00 000028
1022542123500018830945000316741000000                         0000000087620100       0000000000          201010012100417100417000000000294075630945010171116010100099000100020000000000000000000900000000000000000000000000100071887172653heloiza helena rodrigues                RUA TUPI                        ,234 SANTO ANTONI   38182126ARAXA          MG SENHOR CAIXA APOS O VENCIMENTO COBRAR J00 000029
1022542123500018830945000316741000000                         0000000087700100       0000000000          201010012100517100517000000000294075630945010171116010100099000100020000000000000000000900000000000000000000000000100071887172653heloiza helena rodrigues                RUA TUPI                        ,234 SANTO ANTONI   38182126ARAXA          MG SENHOR CAIXA APOS O VENCIMENTO COBRAR J00 000030
1022542123500018830945000316741000000                         0000000087870100       0000000000          201010012100617100617000000000294075630945010171116010100099000100020000000000000000000900000000000000000000000000100071887172653heloiza helena rodrigues                RUA TUPI                        ,234 SANTO ANTONI   38182126ARAXA          MG SENHOR CAIXA APOS O VENCIMENTO COBRAR J00 000031
1022542123500018830945000316741000000                         0000000087940100       0000000000          201010012100717100717000000000294075630945010171116010100099000100020000000000000000000900000000000000000000000000100071887172653heloiza helena rodrigues                RUA TUPI                        ,234 SANTO ANTONI   38182126ARAXA          MG SENHOR CAIXA APOS O VENCIMENTO COBRAR J00 000032
1022542123500018830945000316741000000                         0000000088020100       0000000000          201010012100817100817000000000294075630945010171116010100099000100020000000000000000000900000000000000000000000000100071887172653heloiza helena rodrigues                RUA TUPI                        ,234 SANTO ANTONI   38182126ARAXA          MG SENHOR CAIXA APOS O VENCIMENTO COBRAR J00 000033
1022542123500018830945000316741000000                         0000000088100100       0000000000          201010012100917100917000000000294075630945010171116010100099000100020000000000000000000900000000000000000000000000100071887172653heloiza helena rodrigues                RUA TUPI                        ,234 SANTO ANTONI   38182126ARAXA          MG SENHOR CAIXA APOS O VENCIMENTO COBRAR J00 000034
1022542123500018830945000316741000000                         0000000088270100       0000000000          201010012101017101017000000000294075630945010171116010100099000100020000000000000000000900000000000000000000000000100071887172653heloiza helena rodrigues                RUA TUPI                        ,234 SANTO ANTONI   38182126ARAXA          MG SENHOR CAIXA APOS O VENCIMENTO COBRAR J00 000035
1022542123500018830945000316741000000                         0000000088340100       0000000000          201010012101117101117000000000294075630945010171116010100099000100020000000000000000000900000000000000000000000000100071887172653heloiza helena rodrigues                RUA TUPI                        ,234 SANTO ANTONI   38182126ARAXA          MG SENHOR CAIXA APOS O VENCIMENTO COBRAR J00 000036
1022542123500018830945000316741000000                         0000000088410100       0000000000          201010012101217101217000000000294075630945010171116010100099000100020000000000000000000900000000000000000000000000100071887172653heloiza helena rodrigues                RUA TUPI                        ,234 SANTO ANTONI   38182126ARAXA          MG SENHOR CAIXA APOS O VENCIMENTO COBRAR J00 000037
1022542123500018830945000316741000000                         0000000088590100       0000000000          201010012200117100117000000000294075630945010171116010100099000100020000000000000000000900000000000000000000000000100051837558760vania abadia cardoso tome               AV. PREFEITO ARACELY DE PAULA   ,1310CENTRO         38180000ARAXA          MG SENHOR CAIXA APOS O VENCIMENTO COBRAR J00 000038
1022542123500018830945000316741000000                         0000000088660100       0000000000          201010012200217100217000000000294075630945010171116010100099000100020000000000000000000900000000000000000000000000100051837558760vania abadia cardoso tome               AV. PREFEITO ARACELY DE PAULA   ,1310CENTRO         38180000ARAXA          MG SENHOR CAIXA APOS O VENCIMENTO COBRAR J00 000039
1022542123500018830945000316741000000                         0000000088730100       0000000000          201010012200317100317000000000294075630945010171116010100099000100020000000000000000000900000000000000000000000000100051837558760vania abadia cardoso tome               AV. PREFEITO ARACELY DE PAULA   ,1310CENTRO         38180000ARAXA          MG SENHOR CAIXA APOS O VENCIMENTO COBRAR J00 000040
1022542123500018830945000316741000000                         0000000088800100       0000000000          201010012200417100417000000000294075630945010171116010100099000100020000000000000000000900000000000000000000000000100051837558760vania abadia cardoso tome               AV. PREFEITO ARACELY DE PAULA   ,1310CENTRO         38180000ARAXA          MG SENHOR CAIXA APOS O VENCIMENTO COBRAR J00 000041
1022542123500018830945000316741000000                         0000000088980100       0000000000          201010012200517100517000000000294075630945010171116010100099000100020000000000000000000900000000000000000000000000100051837558760vania abadia cardoso tome               AV. PREFEITO ARACELY DE PAULA   ,1310CENTRO         38180000ARAXA          MG SENHOR CAIXA APOS O VENCIMENTO COBRAR J00 000042
1022542123500018830945000316741000000                         0000000089060100       0000000000          201010012200617100617000000000294075630945010171116010100099000100020000000000000000000900000000000000000000000000100051837558760vania abadia cardoso tome               AV. PREFEITO ARACELY DE PAULA   ,1310CENTRO         38180000ARAXA          MG SENHOR CAIXA APOS O VENCIMENTO COBRAR J00 000043
1022542123500018830945000316741000000                         0000000089130100       0000000000          201010012200717100717000000000294075630945010171116010100099000100020000000000000000000900000000000000000000000000100051837558760vania abadia cardoso tome               AV. PREFEITO ARACELY DE PAULA   ,1310CENTRO         38180000ARAXA          MG SENHOR CAIXA APOS O VENCIMENTO COBRAR J00 000044
1022542123500018830945000316741000000                         0000000089200100       0000000000          201010012200817100817000000000294075630945010171116010100099000100020000000000000000000900000000000000000000000000100051837558760vania abadia cardoso tome               AV. PREFEITO ARACELY DE PAULA   ,1310CENTRO         38180000ARAXA          MG SENHOR CAIXA APOS O VENCIMENTO COBRAR J00 000045
1022542123500018830945000316741000000                         0000000089380100       0000000000          201010012200917100917000000000294075630945010171116010100099000100020000000000000000000900000000000000000000000000100051837558760vania abadia cardoso tome               AV. PREFEITO ARACELY DE PAULA   ,1310CENTRO         38180000ARAXA          MG SENHOR CAIXA APOS O VENCIMENTO COBRAR J00 000046
1022542123500018830945000316741000000                         0000000089450100       0000000000          201010012201017101017000000000294075630945010171116010100099000100020000000000000000000900000000000000000000000000100051837558760vania abadia cardoso tome               AV. PREFEITO ARACELY DE PAULA   ,1310CENTRO         38180000ARAXA          MG SENHOR CAIXA APOS O VENCIMENTO COBRAR J00 000047
1022542123500018830945000316741000000                         0000000089520100       0000000000          201010012201117101117000000000294075630945010171116010100099000100020000000000000000000900000000000000000000000000100051837558760vania abadia cardoso tome               AV. PREFEITO ARACELY DE PAULA   ,1310CENTRO         38180000ARAXA          MG SENHOR CAIXA APOS O VENCIMENTO COBRAR J00 000048
1022542123500018830945000316741000000                         0000000089600100       0000000000          201010012201217101217000000000294075630945010171116010100099000100020000000000000000000900000000000000000000000000100051837558760vania abadia cardoso tome               AV. PREFEITO ARACELY DE PAULA   ,1310CENTRO         38180000ARAXA          MG SENHOR CAIXA APOS O VENCIMENTO COBRAR J00 000049
1022542123500018830945000316741000000                         0000000089770100       0000000000          201010012280117100117000000000349075630945010171116010100099000100020000000000000000000900000000000000000000000000100004882665646andre matias de moraes                  AVENIDA ADEMAR GUIMARAES        ,485 URCIANO LEMO   38181178ARAXA          MG SENHOR CAIXA APOS O VENCIMENTO COBRAR J00 000050
1022542123500018830945000316741000000                         0000000089840100       0000000000          201010012280217100217000000000349075630945010171116010100099000100020000000000000000000900000000000000000000000000100004882665646andre matias de moraes                  AVENIDA ADEMAR GUIMARAES        ,485 URCIANO LEMO   38181178ARAXA          MG SENHOR CAIXA APOS O VENCIMENTO COBRAR J00 000051
1022542123500018830945000316741000000                         0000000089910100       0000000000          201010012280317100317000000000349075630945010171116010100099000100020000000000000000000900000000000000000000000000100004882665646andre matias de moraes                  AVENIDA ADEMAR GUIMARAES        ,485 URCIANO LEMO   38181178ARAXA          MG SENHOR CAIXA APOS O VENCIMENTO COBRAR J00 000052
1022542123500018830945000316741000000                         0000000090050100       0000000000          201010012280417100417000000000349075630945010171116010100099000100020000000000000000000900000000000000000000000000100004882665646andre matias de moraes                  AVENIDA ADEMAR GUIMARAES        ,485 URCIANO LEMO   38181178ARAXA          MG SENHOR CAIXA APOS O VENCIMENTO COBRAR J00 000053
1022542123500018830945000316741000000                         0000000090120100       0000000000          201010012280517100517000000000349075630945010171116010100099000100020000000000000000000900000000000000000000000000100004882665646andre matias de moraes                  AVENIDA ADEMAR GUIMARAES        ,485 URCIANO LEMO   38181178ARAXA          MG SENHOR CAIXA APOS O VENCIMENTO COBRAR J00 000054
1022542123500018830945000316741000000                         0000000090200100       0000000000          201010012280617100617000000000349075630945010171116010100099000100020000000000000000000900000000000000000000000000100004882665646andre matias de moraes                  AVENIDA ADEMAR GUIMARAES        ,485 URCIANO LEMO   38181178ARAXA          MG SENHOR CAIXA APOS O VENCIMENTO COBRAR J00 000055
1022542123500018830945000316741000000                         0000000090370100       0000000000          201010012280717100717000000000349075630945010171116010100099000100020000000000000000000900000000000000000000000000100004882665646andre matias de moraes                  AVENIDA ADEMAR GUIMARAES        ,485 URCIANO LEMO   38181178ARAXA          MG SENHOR CAIXA APOS O VENCIMENTO COBRAR J00 000056
1022542123500018830945000316741000000                         0000000090440100       0000000000          201010012280817100817000000000349075630945010171116010100099000100020000000000000000000900000000000000000000000000100004882665646andre matias de moraes                  AVENIDA ADEMAR GUIMARAES        ,485 URCIANO LEMO   38181178ARAXA          MG SENHOR CAIXA APOS O VENCIMENTO COBRAR J00 000057
1022542123500018830945000316741000000                         0000000090510100       0000000000          201010012280917100917000000000349075630945010171116010100099000100020000000000000000000900000000000000000000000000100004882665646andre matias de moraes                  AVENIDA ADEMAR GUIMARAES        ,485 URCIANO LEMO   38181178ARAXA          MG SENHOR CAIXA APOS O VENCIMENTO COBRAR J00 000058
1022542123500018830945000316741000000                         0000000090690100       0000000000          201010012281017101017000000000349075630945010171116010100099000100020000000000000000000900000000000000000000000000100004882665646andre matias de moraes                  AVENIDA ADEMAR GUIMARAES        ,485 URCIANO LEMO   38181178ARAXA          MG SENHOR CAIXA APOS O VENCIMENTO COBRAR J00 000059
1022542123500018830945000316741000000                         0000000090760100       0000000000          201010012281117101117000000000349075630945010171116010100099000100020000000000000000000900000000000000000000000000100004882665646andre matias de moraes                  AVENIDA ADEMAR GUIMARAES        ,485 URCIANO LEMO   38181178ARAXA          MG SENHOR CAIXA APOS O VENCIMENTO COBRAR J00 000060
1022542123500018830945000316741000000                         0000000090830100       0000000000          201010012281217101217000000000349075630945010171116010100099000100020000000000000000000900000000000000000000000000100004882665646andre matias de moraes                  AVENIDA ADEMAR GUIMARAES        ,485 URCIANO LEMO   38181178ARAXA          MG SENHOR CAIXA APOS O VENCIMENTO COBRAR J00 000061
1022542123500018830945000316741000000                         0000000090900100       0000000000          201010012340117100117000000000294075630945010171116010100099000100020000000000000000000900000000000000000000000000100084610662604aparecida auxiliadora borges de deus    RUA RIO BRANCO                  ,251 CENTRO         38183018ARAXA          MG SENHOR CAIXA APOS O VENCIMENTO COBRAR J00 000062
1022542123500018830945000316741000000                         0000000091090100       0000000000          201010012340217100217000000000294075630945010171116010100099000100020000000000000000000900000000000000000000000000100084610662604aparecida auxiliadora borges de deus    RUA RIO BRANCO                  ,251 CENTRO         38183018ARAXA          MG SENHOR CAIXA APOS O VENCIMENTO COBRAR J00 000063
1022542123500018830945000316741000000                         0000000091160100       0000000000          201010012340317100317000000000294075630945010171116010100099000100020000000000000000000900000000000000000000000000100084610662604aparecida auxiliadora borges de deus    RUA RIO BRANCO                  ,251 CENTRO         38183018ARAXA          MG SENHOR CAIXA APOS O VENCIMENTO COBRAR J00 000064
1022542123500018830945000316741000000                         0000000091230100       0000000000          201010012340417100417000000000294075630945010171116010100099000100020000000000000000000900000000000000000000000000100084610662604aparecida auxiliadora borges de deus    RUA RIO BRANCO                  ,251 CENTRO         38183018ARAXA          MG SENHOR CAIXA APOS O VENCIMENTO COBRAR J00 000065
1022542123500018830945000316741000000                         0000000091300100       0000000000          201010012340517100517000000000294075630945010171116010100099000100020000000000000000000900000000000000000000000000100084610662604aparecida auxiliadora borges de deus    RUA RIO BRANCO                  ,251 CENTRO         38183018ARAXA          MG SENHOR CAIXA APOS O VENCIMENTO COBRAR J00 000066
1022542123500018830945000316741000000                         0000000091480100       0000000000          201010012340617100617000000000294075630945010171116010100099000100020000000000000000000900000000000000000000000000100084610662604aparecida auxiliadora borges de deus    RUA RIO BRANCO                  ,251 CENTRO         38183018ARAXA          MG SENHOR CAIXA APOS O VENCIMENTO COBRAR J00 000067
1022542123500018830945000316741000000                         0000000091550100       0000000000          201010012340717100717000000000294075630945010171116010100099000100020000000000000000000900000000000000000000000000100084610662604aparecida auxiliadora borges de deus    RUA RIO BRANCO                  ,251 CENTRO         38183018ARAXA          MG SENHOR CAIXA APOS O VENCIMENTO COBRAR J00 000068
1022542123500018830945000316741000000                         0000000091620100       0000000000          201010012340817100817000000000294075630945010171116010100099000100020000000000000000000900000000000000000000000000100084610662604aparecida auxiliadora borges de deus    RUA RIO BRANCO                  ,251 CENTRO         38183018ARAXA          MG SENHOR CAIXA APOS O VENCIMENTO COBRAR J00 000069
1022542123500018830945000316741000000                         0000000091700100       0000000000          201010012340917100917000000000294075630945010171116010100099000100020000000000000000000900000000000000000000000000100084610662604aparecida auxiliadora borges de deus    RUA RIO BRANCO                  ,251 CENTRO         38183018ARAXA          MG SENHOR CAIXA APOS O VENCIMENTO COBRAR J00 000070
1022542123500018830945000316741000000                         0000000091870100       0000000000          201010012341017101017000000000294075630945010171116010100099000100020000000000000000000900000000000000000000000000100084610662604aparecida auxiliadora borges de deus    RUA RIO BRANCO                  ,251 CENTRO         38183018ARAXA          MG SENHOR CAIXA APOS O VENCIMENTO COBRAR J00 000071
1022542123500018830945000316741000000                         0000000091940100       0000000000          201010012341117101117000000000294075630945010171116010100099000100020000000000000000000900000000000000000000000000100084610662604aparecida auxiliadora borges de deus    RUA RIO BRANCO                  ,251 CENTRO         38183018ARAXA          MG SENHOR CAIXA APOS O VENCIMENTO COBRAR J00 000072
1022542123500018830945000316741000000                         0000000092020100       0000000000          201010012341217101217000000000294075630945010171116010100099000100020000000000000000000900000000000000000000000000100084610662604aparecida auxiliadora borges de deus    RUA RIO BRANCO                  ,251 CENTRO         38183018ARAXA          MG SENHOR CAIXA APOS O VENCIMENTO COBRAR J00 000073
1022542123500018830945000316741000000                         0000000092100100       0000000000          201010013270117100117000000000294075630945010171116010100099000100020000000000000000000900000000000000000000000000100059745860697joana darc eugenio de andrade           RUA SELDA DE CASTRO ALVES       ,375 VILA FERTIZA   38184238ARAXA          MG SENHOR CAIXA APOS O VENCIMENTO COBRAR J00 000074
1022542123500018830945000316741000000                         0000000092270100       0000000000          201010013270217100217000000000294075630945010171116010100099000100020000000000000000000900000000000000000000000000100059745860697joana darc eugenio de andrade           RUA SELDA DE CASTRO ALVES       ,375 VILA FERTIZA   38184238ARAXA          MG SENHOR CAIXA APOS O VENCIMENTO COBRAR J00 000075
1022542123500018830945000316741000000                         0000000092340100       0000000000          201010013270317100317000000000294075630945010171116010100099000100020000000000000000000900000000000000000000000000100059745860697joana darc eugenio de andrade           RUA SELDA DE CASTRO ALVES       ,375 VILA FERTIZA   38184238ARAXA          MG SENHOR CAIXA APOS O VENCIMENTO COBRAR J00 000076
1022542123500018830945000316741000000                         0000000092410100       0000000000          201010013270417100417000000000294075630945010171116010100099000100020000000000000000000900000000000000000000000000100059745860697joana darc eugenio de andrade           RUA SELDA DE CASTRO ALVES       ,375 VILA FERTIZA   38184238ARAXA          MG SENHOR CAIXA APOS O VENCIMENTO COBRAR J00 000077
1022542123500018830945000316741000000                         0000000092590100       0000000000          201010013270517100517000000000294075630945010171116010100099000100020000000000000000000900000000000000000000000000100059745860697joana darc eugenio de andrade           RUA SELDA DE CASTRO ALVES       ,375 VILA FERTIZA   38184238ARAXA          MG SENHOR CAIXA APOS O VENCIMENTO COBRAR J00 000078
1022542123500018830945000316741000000                         0000000092660100       0000000000          201010013270617100617000000000294075630945010171116010100099000100020000000000000000000900000000000000000000000000100059745860697joana darc eugenio de andrade           RUA SELDA DE CASTRO ALVES       ,375 VILA FERTIZA   38184238ARAXA          MG SENHOR CAIXA APOS O VENCIMENTO COBRAR J00 000079
1022542123500018830945000316741000000                         0000000092730100       0000000000          201010013270717100717000000000294075630945010171116010100099000100020000000000000000000900000000000000000000000000100059745860697joana darc eugenio de andrade           RUA SELDA DE CASTRO ALVES       ,375 VILA FERTIZA   38184238ARAXA          MG SENHOR CAIXA APOS O VENCIMENTO COBRAR J00 000080
1022542123500018830945000316741000000                         0000000092800100       0000000000          201010013270817100817000000000294075630945010171116010100099000100020000000000000000000900000000000000000000000000100059745860697joana darc eugenio de andrade           RUA SELDA DE CASTRO ALVES       ,375 VILA FERTIZA   38184238ARAXA          MG SENHOR CAIXA APOS O VENCIMENTO COBRAR J00 000081
1022542123500018830945000316741000000                         0000000092980100       0000000000          201010013270917100917000000000294075630945010171116010100099000100020000000000000000000900000000000000000000000000100059745860697joana darc eugenio de andrade           RUA SELDA DE CASTRO ALVES       ,375 VILA FERTIZA   38184238ARAXA          MG SENHOR CAIXA APOS O VENCIMENTO COBRAR J00 000082
1022542123500018830945000316741000000                         0000000093060100       0000000000          201010013271017101017000000000294075630945010171116010100099000100020000000000000000000900000000000000000000000000100059745860697joana darc eugenio de andrade           RUA SELDA DE CASTRO ALVES       ,375 VILA FERTIZA   38184238ARAXA          MG SENHOR CAIXA APOS O VENCIMENTO COBRAR J00 000083
1022542123500018830945000316741000000                         0000000093130100       0000000000          201010013271117101117000000000294075630945010171116010100099000100020000000000000000000900000000000000000000000000100059745860697joana darc eugenio de andrade           RUA SELDA DE CASTRO ALVES       ,375 VILA FERTIZA   38184238ARAXA          MG SENHOR CAIXA APOS O VENCIMENTO COBRAR J00 000084
1022542123500018830945000316741000000                         0000000093200100       0000000000          201010013271217101217000000000294075630945010171116010100099000100020000000000000000000900000000000000000000000000100059745860697joana darc eugenio de andrade           RUA SELDA DE CASTRO ALVES       ,375 VILA FERTIZA   38184238ARAXA          MG SENHOR CAIXA APOS O VENCIMENTO COBRAR J00 000085
1022542123500018830945000316741000000                         0000000093380100       0000000000          201010013510117100117000000000294075630945010171116010100099000100020000000000000000000900000000000000000000000000100090064682668valmir jose de souza                    RUA DO OURO                     ,66  SAO CRISTOVA   38184052ARAXA          MG SENHOR CAIXA APOS O VENCIMENTO COBRAR J00 000086
1022542123500018830945000316741000000                         0000000093450100       0000000000          201010013510217100217000000000294075630945010171116010100099000100020000000000000000000900000000000000000000000000100090064682668valmir jose de souza                    RUA DO OURO                     ,66  SAO CRISTOVA   38184052ARAXA          MG SENHOR CAIXA APOS O VENCIMENTO COBRAR J00 000087
1022542123500018830945000316741000000                         0000000093520100       0000000000          201010013510317100317000000000294075630945010171116010100099000100020000000000000000000900000000000000000000000000100090064682668valmir jose de souza                    RUA DO OURO                     ,66  SAO CRISTOVA   38184052ARAXA          MG SENHOR CAIXA APOS O VENCIMENTO COBRAR J00 000088
1022542123500018830945000316741000000                         0000000093600100       0000000000          201010013510417100417000000000294075630945010171116010100099000100020000000000000000000900000000000000000000000000100090064682668valmir jose de souza                    RUA DO OURO                     ,66  SAO CRISTOVA   38184052ARAXA          MG SENHOR CAIXA APOS O VENCIMENTO COBRAR J00 000089
1022542123500018830945000316741000000                         0000000093770100       0000000000          201010013510517100517000000000294075630945010171116010100099000100020000000000000000000900000000000000000000000000100090064682668valmir jose de souza                    RUA DO OURO                     ,66  SAO CRISTOVA   38184052ARAXA          MG SENHOR CAIXA APOS O VENCIMENTO COBRAR J00 000090
1022542123500018830945000316741000000                         0000000093840100       0000000000          201010013510617100617000000000294075630945010171116010100099000100020000000000000000000900000000000000000000000000100090064682668valmir jose de souza                    RUA DO OURO                     ,66  SAO CRISTOVA   38184052ARAXA          MG SENHOR CAIXA APOS O VENCIMENTO COBRAR J00 000091
1022542123500018830945000316741000000                         0000000093910100       0000000000          201010013510717100717000000000294075630945010171116010100099000100020000000000000000000900000000000000000000000000100090064682668valmir jose de souza                    RUA DO OURO                     ,66  SAO CRISTOVA   38184052ARAXA          MG SENHOR CAIXA APOS O VENCIMENTO COBRAR J00 000092
1022542123500018830945000316741000000                         0000000094000100       0000000000          201010013510817100817000000000294075630945010171116010100099000100020000000000000000000900000000000000000000000000100090064682668valmir jose de souza                    RUA DO OURO                     ,66  SAO CRISTOVA   38184052ARAXA          MG SENHOR CAIXA APOS O VENCIMENTO COBRAR J00 000093
1022542123500018830945000316741000000                         0000000094170100       0000000000          201010013510917100917000000000294075630945010171116010100099000100020000000000000000000900000000000000000000000000100090064682668valmir jose de souza                    RUA DO OURO                     ,66  SAO CRISTOVA   38184052ARAXA          MG SENHOR CAIXA APOS O VENCIMENTO COBRAR J00 000094
1022542123500018830945000316741000000                         0000000094240100       0000000000          201010013511017101017000000000294075630945010171116010100099000100020000000000000000000900000000000000000000000000100090064682668valmir jose de souza                    RUA DO OURO                     ,66  SAO CRISTOVA   38184052ARAXA          MG SENHOR CAIXA APOS O VENCIMENTO COBRAR J00 000095
1022542123500018830945000316741000000                         0000000094310100       0000000000          201010013511117101117000000000294075630945010171116010100099000100020000000000000000000900000000000000000000000000100090064682668valmir jose de souza                    RUA DO OURO                     ,66  SAO CRISTOVA   38184052ARAXA          MG SENHOR CAIXA APOS O VENCIMENTO COBRAR J00 000096
1022542123500018830945000316741000000                         0000000094490100       0000000000          201010013511217101217000000000294075630945010171116010100099000100020000000000000000000900000000000000000000000000100090064682668valmir jose de souza                    RUA DO OURO                     ,66  SAO CRISTOVA   38184052ARAXA          MG SENHOR CAIXA APOS O VENCIMENTO COBRAR J00 000097
1022542123500018830945000316741000000                         0000000094560100       0000000000          201010013890117100117000000000294075630945010171116010100099000100020000000000000000000900000000000000000000000000100006902628688matheus silva de souza                  RUA JOSE NATAL                  ,136 SAO CRISTOVA   38184094ARAXA          MG SENHOR CAIXA APOS O VENCIMENTO COBRAR J00 000098
1022542123500018830945000316741000000                         0000000094630100       0000000000          201010013890217100217000000000294075630945010171116010100099000100020000000000000000000900000000000000000000000000100006902628688matheus silva de souza                  RUA JOSE NATAL                  ,136 SAO CRISTOVA   38184094ARAXA          MG SENHOR CAIXA APOS O VENCIMENTO COBRAR J00 000099
1022542123500018830945000316741000000                         0000000094700100       0000000000          201010013890317100317000000000294075630945010171116010100099000100020000000000000000000900000000000000000000000000100006902628688matheus silva de souza                  RUA JOSE NATAL                  ,136 SAO CRISTOVA   38184094ARAXA          MG SENHOR CAIXA APOS O VENCIMENTO COBRAR J00 000100
1022542123500018830945000316741000000                         0000000094880100       0000000000          201010013890417100417000000000294075630945010171116010100099000100020000000000000000000900000000000000000000000000100006902628688matheus silva de souza                  RUA JOSE NATAL                  ,136 SAO CRISTOVA   38184094ARAXA          MG SENHOR CAIXA APOS O VENCIMENTO COBRAR J00 000101
1022542123500018830945000316741000000                         0000000094950100       0000000000          201010013890517100517000000000294075630945010171116010100099000100020000000000000000000900000000000000000000000000100006902628688matheus silva de souza                  RUA JOSE NATAL                  ,136 SAO CRISTOVA   38184094ARAXA          MG SENHOR CAIXA APOS O VENCIMENTO COBRAR J00 000102
1022542123500018830945000316741000000                         0000000095030100       0000000000          201010013890617100617000000000294075630945010171116010100099000100020000000000000000000900000000000000000000000000100006902628688matheus silva de souza                  RUA JOSE NATAL                  ,136 SAO CRISTOVA   38184094ARAXA          MG SENHOR CAIXA APOS O VENCIMENTO COBRAR J00 000103
1022542123500018830945000316741000000                         0000000095100100       0000000000          201010013890717100717000000000294075630945010171116010100099000100020000000000000000000900000000000000000000000000100006902628688matheus silva de souza                  RUA JOSE NATAL                  ,136 SAO CRISTOVA   38184094ARAXA          MG SENHOR CAIXA APOS O VENCIMENTO COBRAR J00 000104
1022542123500018830945000316741000000                         0000000095280100       0000000000          201010013890817100817000000000294075630945010171116010100099000100020000000000000000000900000000000000000000000000100006902628688matheus silva de souza                  RUA JOSE NATAL                  ,136 SAO CRISTOVA   38184094ARAXA          MG SENHOR CAIXA APOS O VENCIMENTO COBRAR J00 000105
1022542123500018830945000316741000000                         0000000095350100       0000000000          201010013890917100917000000000294075630945010171116010100099000100020000000000000000000900000000000000000000000000100006902628688matheus silva de souza                  RUA JOSE NATAL                  ,136 SAO CRISTOVA   38184094ARAXA          MG SENHOR CAIXA APOS O VENCIMENTO COBRAR J00 000106
1022542123500018830945000316741000000                         0000000095420100       0000000000          201010013891017101017000000000294075630945010171116010100099000100020000000000000000000900000000000000000000000000100006902628688matheus silva de souza                  RUA JOSE NATAL                  ,136 SAO CRISTOVA   38184094ARAXA          MG SENHOR CAIXA APOS O VENCIMENTO COBRAR J00 000107
1022542123500018830945000316741000000                         0000000095500100       0000000000          201010013891117101117000000000294075630945010171116010100099000100020000000000000000000900000000000000000000000000100006902628688matheus silva de souza                  RUA JOSE NATAL                  ,136 SAO CRISTOVA   38184094ARAXA          MG SENHOR CAIXA APOS O VENCIMENTO COBRAR J00 000108
1022542123500018830945000316741000000                         0000000095670100       0000000000          201010013891217101217000000000294075630945010171116010100099000100020000000000000000000900000000000000000000000000100006902628688matheus silva de souza                  RUA JOSE NATAL                  ,136 SAO CRISTOVA   38184094ARAXA          MG SENHOR CAIXA APOS O VENCIMENTO COBRAR J00 000109
1022542123500018830945000316741000000                         0000000095740100       0000000000          201010023970117100117000000000349075630945010171116010100099000100020000000000000000000900000000000000000000000000100071887377620ana maria assis                         RUA JOAQUIM ALVES FERREIRA      ,455 URCIANO LEMO   38181138ARAXA          MG SENHOR CAIXA APOS O VENCIMENTO COBRAR J00 000110
1022542123500018830945000316741000000                         0000000095810100       0000000000          201010023970217100217000000000349075630945010171116010100099000100020000000000000000000900000000000000000000000000100071887377620ana maria assis                         RUA JOAQUIM ALVES FERREIRA      ,455 URCIANO LEMO   38181138ARAXA          MG SENHOR CAIXA APOS O VENCIMENTO COBRAR J00 000111
1022542123500018830945000316741000000                         0000000095990100       0000000000          201010023970317100317000000000349075630945010171116010100099000100020000000000000000000900000000000000000000000000100071887377620ana maria assis                         RUA JOAQUIM ALVES FERREIRA      ,455 URCIANO LEMO   38181138ARAXA          MG SENHOR CAIXA APOS O VENCIMENTO COBRAR J00 000112
1022542123500018830945000316741000000                         0000000096070100       0000000000          201010023970417100417000000000349075630945010171116010100099000100020000000000000000000900000000000000000000000000100071887377620ana maria assis                         RUA JOAQUIM ALVES FERREIRA      ,455 URCIANO LEMO   38181138ARAXA          MG SENHOR CAIXA APOS O VENCIMENTO COBRAR J00 000113
1022542123500018830945000316741000000                         0000000096140100       0000000000          201010023970517100517000000000349075630945010171116010100099000100020000000000000000000900000000000000000000000000100071887377620ana maria assis                         RUA JOAQUIM ALVES FERREIRA      ,455 URCIANO LEMO   38181138ARAXA          MG SENHOR CAIXA APOS O VENCIMENTO COBRAR J00 000114
1022542123500018830945000316741000000                         0000000096210100       0000000000          201010023970617100617000000000349075630945010171116010100099000100020000000000000000000900000000000000000000000000100071887377620ana maria assis                         RUA JOAQUIM ALVES FERREIRA      ,455 URCIANO LEMO   38181138ARAXA          MG SENHOR CAIXA APOS O VENCIMENTO COBRAR J00 000115
1022542123500018830945000316741000000                         0000000096390100       0000000000          201010023970717100717000000000349075630945010171116010100099000100020000000000000000000900000000000000000000000000100071887377620ana maria assis                         RUA JOAQUIM ALVES FERREIRA      ,455 URCIANO LEMO   38181138ARAXA          MG SENHOR CAIXA APOS O VENCIMENTO COBRAR J00 000116
1022542123500018830945000316741000000                         0000000096460100       0000000000          201010023970817100817000000000349075630945010171116010100099000100020000000000000000000900000000000000000000000000100071887377620ana maria assis                         RUA JOAQUIM ALVES FERREIRA      ,455 URCIANO LEMO   38181138ARAXA          MG SENHOR CAIXA APOS O VENCIMENTO COBRAR J00 000117
1022542123500018830945000316741000000                         0000000096530100       0000000000          201010023970917100917000000000349075630945010171116010100099000100020000000000000000000900000000000000000000000000100071887377620ana maria assis                         RUA JOAQUIM ALVES FERREIRA      ,455 URCIANO LEMO   38181138ARAXA          MG SENHOR CAIXA APOS O VENCIMENTO COBRAR J00 000118
1022542123500018830945000316741000000                         0000000096600100       0000000000          201010023971017101017000000000349075630945010171116010100099000100020000000000000000000900000000000000000000000000100071887377620ana maria assis                         RUA JOAQUIM ALVES FERREIRA      ,455 URCIANO LEMO   38181138ARAXA          MG SENHOR CAIXA APOS O VENCIMENTO COBRAR J00 000119
1022542123500018830945000316741000000                         0000000096780100       0000000000          201010023971117101117000000000349075630945010171116010100099000100020000000000000000000900000000000000000000000000100071887377620ana maria assis                         RUA JOAQUIM ALVES FERREIRA      ,455 URCIANO LEMO   38181138ARAXA          MG SENHOR CAIXA APOS O VENCIMENTO COBRAR J00 000120
1022542123500018830945000316741000000                         0000000096850100       0000000000          201010023971217101217000000000349075630945010171116010100099000100020000000000000000000900000000000000000000000000100071887377620ana maria assis                         RUA JOAQUIM ALVES FERREIRA      ,455 URCIANO LEMO   38181138ARAXA          MG SENHOR CAIXA APOS O VENCIMENTO COBRAR J00 000121
1022542123500018830945000316741000000                         0000000096920100       0000000000          201010024350117100117000000000294075630945010171116010100099000100020000000000000000000900000000000000000000000000100085665630691marizete maria de oliveira              RUA EVARISTO AFONSO BORGES      ,130 VEREDAS DA C   38182225ARAXA          MG SENHOR CAIXA APOS O VENCIMENTO COBRAR J00 000122
1022542123500018830945000316741000000                         0000000097000100       0000000000          201010024350217100217000000000294075630945010171116010100099000100020000000000000000000900000000000000000000000000100085665630691marizete maria de oliveira              RUA EVARISTO AFONSO BORGES      ,130 VEREDAS DA C   38182225ARAXA          MG SENHOR CAIXA APOS O VENCIMENTO COBRAR J00 000123
1022542123500018830945000316741000000                         0000000097180100       0000000000          201010024350317100317000000000294075630945010171116010100099000100020000000000000000000900000000000000000000000000100085665630691marizete maria de oliveira              RUA EVARISTO AFONSO BORGES      ,130 VEREDAS DA C   38182225ARAXA          MG SENHOR CAIXA APOS O VENCIMENTO COBRAR J00 000124
1022542123500018830945000316741000000                         0000000097250100       0000000000          201010024350417100417000000000294075630945010171116010100099000100020000000000000000000900000000000000000000000000100085665630691marizete maria de oliveira              RUA EVARISTO AFONSO BORGES      ,130 VEREDAS DA C   38182225ARAXA          MG SENHOR CAIXA APOS O VENCIMENTO COBRAR J00 000125
1022542123500018830945000316741000000                         0000000097320100       0000000000          201010024350517100517000000000294075630945010171116010100099000100020000000000000000000900000000000000000000000000100085665630691marizete maria de oliveira              RUA EVARISTO AFONSO BORGES      ,130 VEREDAS DA C   38182225ARAXA          MG SENHOR CAIXA APOS O VENCIMENTO COBRAR J00 000126
1022542123500018830945000316741000000                         0000000097400100       0000000000          201010024350617100617000000000294075630945010171116010100099000100020000000000000000000900000000000000000000000000100085665630691marizete maria de oliveira              RUA EVARISTO AFONSO BORGES      ,130 VEREDAS DA C   38182225ARAXA          MG SENHOR CAIXA APOS O VENCIMENTO COBRAR J00 000127
1022542123500018830945000316741000000                         0000000097570100       0000000000          201010024350717100717000000000294075630945010171116010100099000100020000000000000000000900000000000000000000000000100085665630691marizete maria de oliveira              RUA EVARISTO AFONSO BORGES      ,130 VEREDAS DA C   38182225ARAXA          MG SENHOR CAIXA APOS O VENCIMENTO COBRAR J00 000128
1022542123500018830945000316741000000                         0000000097640100       0000000000          201010024350817100817000000000294075630945010171116010100099000100020000000000000000000900000000000000000000000000100085665630691marizete maria de oliveira              RUA EVARISTO AFONSO BORGES      ,130 VEREDAS DA C   38182225ARAXA          MG SENHOR CAIXA APOS O VENCIMENTO COBRAR J00 000129
1022542123500018830945000316741000000                         0000000097710100       0000000000          201010024350917100917000000000294075630945010171116010100099000100020000000000000000000900000000000000000000000000100085665630691marizete maria de oliveira              RUA EVARISTO AFONSO BORGES      ,130 VEREDAS DA C   38182225ARAXA          MG SENHOR CAIXA APOS O VENCIMENTO COBRAR J00 000130
1022542123500018830945000316741000000                         0000000097890100       0000000000          201010024351017101017000000000294075630945010171116010100099000100020000000000000000000900000000000000000000000000100085665630691marizete maria de oliveira              RUA EVARISTO AFONSO BORGES      ,130 VEREDAS DA C   38182225ARAXA          MG SENHOR CAIXA APOS O VENCIMENTO COBRAR J00 000131
1022542123500018830945000316741000000                         0000000097960100       0000000000          201010024351117101117000000000294075630945010171116010100099000100020000000000000000000900000000000000000000000000100085665630691marizete maria de oliveira              RUA EVARISTO AFONSO BORGES      ,130 VEREDAS DA C   38182225ARAXA          MG SENHOR CAIXA APOS O VENCIMENTO COBRAR J00 000132
1022542123500018830945000316741000000                         0000000098040100       0000000000          201010024351217101217000000000294075630945010171116010100099000100020000000000000000000900000000000000000000000000100085665630691marizete maria de oliveira              RUA EVARISTO AFONSO BORGES      ,130 VEREDAS DA C   38182225ARAXA          MG SENHOR CAIXA APOS O VENCIMENTO COBRAR J00 000133
1022542123500018830945000316741000000                         0000000098110100       0000000000          201010024530117100117000000000349075630945010171116010100099000100020000000000000000000900000000000000000000000000100036070947649adailton alves de oliveira              RUA MARIO CAMPOS                ,127 VILA SAO PED   38183044ARAXA          MG SENHOR CAIXA APOS O VENCIMENTO COBRAR J00 000134
1022542123500018830945000316741000000                         0000000098290100       0000000000          201010024530217100217000000000349075630945010171116010100099000100020000000000000000000900000000000000000000000000100036070947649adailton alves de oliveira              RUA MARIO CAMPOS                ,127 VILA SAO PED   38183044ARAXA          MG SENHOR CAIXA APOS O VENCIMENTO COBRAR J00 000135
1022542123500018830945000316741000000                         0000000098360100       0000000000          201010024530317100317000000000349075630945010171116010100099000100020000000000000000000900000000000000000000000000100036070947649adailton alves de oliveira              RUA MARIO CAMPOS                ,127 VILA SAO PED   38183044ARAXA          MG SENHOR CAIXA APOS O VENCIMENTO COBRAR J00 000136
1022542123500018830945000316741000000                         0000000098430100       0000000000          201010024530417100417000000000349075630945010171116010100099000100020000000000000000000900000000000000000000000000100036070947649adailton alves de oliveira              RUA MARIO CAMPOS                ,127 VILA SAO PED   38183044ARAXA          MG SENHOR CAIXA APOS O VENCIMENTO COBRAR J00 000137
1022542123500018830945000316741000000                         0000000098500100       0000000000          201010024530517100517000000000349075630945010171116010100099000100020000000000000000000900000000000000000000000000100036070947649adailton alves de oliveira              RUA MARIO CAMPOS                ,127 VILA SAO PED   38183044ARAXA          MG SENHOR CAIXA APOS O VENCIMENTO COBRAR J00 000138
1022542123500018830945000316741000000                         0000000098680100       0000000000          201010024530617100617000000000349075630945010171116010100099000100020000000000000000000900000000000000000000000000100036070947649adailton alves de oliveira              RUA MARIO CAMPOS                ,127 VILA SAO PED   38183044ARAXA          MG SENHOR CAIXA APOS O VENCIMENTO COBRAR J00 000139
1022542123500018830945000316741000000                         0000000098750100       0000000000          201010024530717100717000000000349075630945010171116010100099000100020000000000000000000900000000000000000000000000100036070947649adailton alves de oliveira              RUA MARIO CAMPOS                ,127 VILA SAO PED   38183044ARAXA          MG SENHOR CAIXA APOS O VENCIMENTO COBRAR J00 000140
1022542123500018830945000316741000000                         0000000098820100       0000000000          201010024530817100817000000000349075630945010171116010100099000100020000000000000000000900000000000000000000000000100036070947649adailton alves de oliveira              RUA MARIO CAMPOS                ,127 VILA SAO PED   38183044ARAXA          MG SENHOR CAIXA APOS O VENCIMENTO COBRAR J00 000141
1022542123500018830945000316741000000                         0000000098900100       0000000000          201010024530917100917000000000349075630945010171116010100099000100020000000000000000000900000000000000000000000000100036070947649adailton alves de oliveira              RUA MARIO CAMPOS                ,127 VILA SAO PED   38183044ARAXA          MG SENHOR CAIXA APOS O VENCIMENTO COBRAR J00 000142
1022542123500018830945000316741000000                         0000000099080100       0000000000          201010024531017101017000000000349075630945010171116010100099000100020000000000000000000900000000000000000000000000100036070947649adailton alves de oliveira              RUA MARIO CAMPOS                ,127 VILA SAO PED   38183044ARAXA          MG SENHOR CAIXA APOS O VENCIMENTO COBRAR J00 000143
1022542123500018830945000316741000000                         0000000099150100       0000000000          201010024531117101117000000000349075630945010171116010100099000100020000000000000000000900000000000000000000000000100036070947649adailton alves de oliveira              RUA MARIO CAMPOS                ,127 VILA SAO PED   38183044ARAXA          MG SENHOR CAIXA APOS O VENCIMENTO COBRAR J00 000144
1022542123500018830945000316741000000                         0000000099220100       0000000000          201010024531217101217000000000349075630945010171116010100099000100020000000000000000000900000000000000000000000000100036070947649adailton alves de oliveira              RUA MARIO CAMPOS                ,127 VILA SAO PED   38183044ARAXA          MG SENHOR CAIXA APOS O VENCIMENTO COBRAR J00 000145
1022542123500018830945000316741000000                         0000000100540100       0000000000          201010024730117100117000000000349075630945010171116010100099000100020000000000000000000900000000000000000000000000100016035798691wilson jose magalhaes                   RUA DEZENOVE DE DEZEMBRO        ,146 VILA SANTA T   38183266ARAXA          MG SENHOR CAIXA APOS O VENCIMENTO COBRAR J00 000146
1022542123500018830945000316741000000                         0000000100610100       0000000000          201010024730217100217000000000349075630945010171116010100099000100020000000000000000000900000000000000000000000000100016035798691wilson jose magalhaes                   RUA DEZENOVE DE DEZEMBRO        ,146 VILA SANTA T   38183266ARAXA          MG SENHOR CAIXA APOS O VENCIMENTO COBRAR J00 000147
1022542123500018830945000316741000000                         0000000100790100       0000000000          201010024730317100317000000000349075630945010171116010100099000100020000000000000000000900000000000000000000000000100016035798691wilson jose magalhaes                   RUA DEZENOVE DE DEZEMBRO        ,146 VILA SANTA T   38183266ARAXA          MG SENHOR CAIXA APOS O VENCIMENTO COBRAR J00 000148
1022542123500018830945000316741000000                         0000000100860100       0000000000          201010024730417100417000000000349075630945010171116010100099000100020000000000000000000900000000000000000000000000100016035798691wilson jose magalhaes                   RUA DEZENOVE DE DEZEMBRO        ,146 VILA SANTA T   38183266ARAXA          MG SENHOR CAIXA APOS O VENCIMENTO COBRAR J00 000149
1022542123500018830945000316741000000                         0000000100930100       0000000000          201010024730517100517000000000349075630945010171116010100099000100020000000000000000000900000000000000000000000000100016035798691wilson jose magalhaes                   RUA DEZENOVE DE DEZEMBRO        ,146 VILA SANTA T   38183266ARAXA          MG SENHOR CAIXA APOS O VENCIMENTO COBRAR J00 000150
1022542123500018830945000316741000000                         0000000101010100       0000000000          201010024730617100617000000000349075630945010171116010100099000100020000000000000000000900000000000000000000000000100016035798691wilson jose magalhaes                   RUA DEZENOVE DE DEZEMBRO        ,146 VILA SANTA T   38183266ARAXA          MG SENHOR CAIXA APOS O VENCIMENTO COBRAR J00 000151
1022542123500018830945000316741000000                         0000000101190100       0000000000          201010024730717100717000000000349075630945010171116010100099000100020000000000000000000900000000000000000000000000100016035798691wilson jose magalhaes                   RUA DEZENOVE DE DEZEMBRO        ,146 VILA SANTA T   38183266ARAXA          MG SENHOR CAIXA APOS O VENCIMENTO COBRAR J00 000152
1022542123500018830945000316741000000                         0000000101260100       0000000000          201010024730817100817000000000349075630945010171116010100099000100020000000000000000000900000000000000000000000000100016035798691wilson jose magalhaes                   RUA DEZENOVE DE DEZEMBRO        ,146 VILA SANTA T   38183266ARAXA          MG SENHOR CAIXA APOS O VENCIMENTO COBRAR J00 000153
1022542123500018830945000316741000000                         0000000101330100       0000000000          201010024730917100917000000000349075630945010171116010100099000100020000000000000000000900000000000000000000000000100016035798691wilson jose magalhaes                   RUA DEZENOVE DE DEZEMBRO        ,146 VILA SANTA T   38183266ARAXA          MG SENHOR CAIXA APOS O VENCIMENTO COBRAR J00 000154
1022542123500018830945000316741000000                         0000000101400100       0000000000          201010024731017101017000000000349075630945010171116010100099000100020000000000000000000900000000000000000000000000100016035798691wilson jose magalhaes                   RUA DEZENOVE DE DEZEMBRO        ,146 VILA SANTA T   38183266ARAXA          MG SENHOR CAIXA APOS O VENCIMENTO COBRAR J00 000155
1022542123500018830945000316741000000                         0000000101580100       0000000000          201010024731117101117000000000349075630945010171116010100099000100020000000000000000000900000000000000000000000000100016035798691wilson jose magalhaes                   RUA DEZENOVE DE DEZEMBRO        ,146 VILA SANTA T   38183266ARAXA          MG SENHOR CAIXA APOS O VENCIMENTO COBRAR J00 000156
1022542123500018830945000316741000000                         0000000101650100       0000000000          201010024731217101217000000000349075630945010171116010100099000100020000000000000000000900000000000000000000000000100016035798691wilson jose magalhaes                   RUA DEZENOVE DE DEZEMBRO        ,146 VILA SANTA T   38183266ARAXA          MG SENHOR CAIXA APOS O VENCIMENTO COBRAR J00 000157
1022542123500018830945000316741000000                         0000000101720100       0000000000          201010024790117100117000000000349075630945010171116010100099000100020000000000000000000900000000000000000000000000100003029339998andreia cristina andrade hennipman      RUA LIMIRIO FLAVIO DA SILVA     ,85csVILA FERTIZA   38184218ARAXA          MG SENHOR CAIXA APOS O VENCIMENTO COBRAR J00 000158
1022542123500018830945000316741000000                         0000000101800100       0000000000          201010024790217100217000000000349075630945010171116010100099000100020000000000000000000900000000000000000000000000100003029339998andreia cristina andrade hennipman      RUA LIMIRIO FLAVIO DA SILVA     ,85csVILA FERTIZA   38184218ARAXA          MG SENHOR CAIXA APOS O VENCIMENTO COBRAR J00 000159
1022542123500018830945000316741000000                         0000000101970100       0000000000          201010024790317100317000000000349075630945010171116010100099000100020000000000000000000900000000000000000000000000100003029339998andreia cristina andrade hennipman      RUA LIMIRIO FLAVIO DA SILVA     ,85csVILA FERTIZA   38184218ARAXA          MG SENHOR CAIXA APOS O VENCIMENTO COBRAR J00 000160
1022542123500018830945000316741000000                         0000000102050100       0000000000          201010024790417100417000000000349075630945010171116010100099000100020000000000000000000900000000000000000000000000100003029339998andreia cristina andrade hennipman      RUA LIMIRIO FLAVIO DA SILVA     ,85csVILA FERTIZA   38184218ARAXA          MG SENHOR CAIXA APOS O VENCIMENTO COBRAR J00 000161
1022542123500018830945000316741000000                         0000000102120100       0000000000          201010024790517100517000000000349075630945010171116010100099000100020000000000000000000900000000000000000000000000100003029339998andreia cristina andrade hennipman      RUA LIMIRIO FLAVIO DA SILVA     ,85csVILA FERTIZA   38184218ARAXA          MG SENHOR CAIXA APOS O VENCIMENTO COBRAR J00 000162
1022542123500018830945000316741000000                         0000000102200100       0000000000          201010024790617100617000000000349075630945010171116010100099000100020000000000000000000900000000000000000000000000100003029339998andreia cristina andrade hennipman      RUA LIMIRIO FLAVIO DA SILVA     ,85csVILA FERTIZA   38184218ARAXA          MG SENHOR CAIXA APOS O VENCIMENTO COBRAR J00 000163
1022542123500018830945000316741000000                         0000000102370100       0000000000          201010024790717100717000000000349075630945010171116010100099000100020000000000000000000900000000000000000000000000100003029339998andreia cristina andrade hennipman      RUA LIMIRIO FLAVIO DA SILVA     ,85csVILA FERTIZA   38184218ARAXA          MG SENHOR CAIXA APOS O VENCIMENTO COBRAR J00 000164
1022542123500018830945000316741000000                         0000000102440100       0000000000          201010024790817100817000000000349075630945010171116010100099000100020000000000000000000900000000000000000000000000100003029339998andreia cristina andrade hennipman      RUA LIMIRIO FLAVIO DA SILVA     ,85csVILA FERTIZA   38184218ARAXA          MG SENHOR CAIXA APOS O VENCIMENTO COBRAR J00 000165
1022542123500018830945000316741000000                         0000000102510100       0000000000          201010024790917100917000000000349075630945010171116010100099000100020000000000000000000900000000000000000000000000100003029339998andreia cristina andrade hennipman      RUA LIMIRIO FLAVIO DA SILVA     ,85csVILA FERTIZA   38184218ARAXA          MG SENHOR CAIXA APOS O VENCIMENTO COBRAR J00 000166
1022542123500018830945000316741000000                         0000000102690100       0000000000          201010024791017101017000000000349075630945010171116010100099000100020000000000000000000900000000000000000000000000100003029339998andreia cristina andrade hennipman      RUA LIMIRIO FLAVIO DA SILVA     ,85csVILA FERTIZA   38184218ARAXA          MG SENHOR CAIXA APOS O VENCIMENTO COBRAR J00 000167
1022542123500018830945000316741000000                         0000000102760100       0000000000          201010024791117101117000000000349075630945010171116010100099000100020000000000000000000900000000000000000000000000100003029339998andreia cristina andrade hennipman      RUA LIMIRIO FLAVIO DA SILVA     ,85csVILA FERTIZA   38184218ARAXA          MG SENHOR CAIXA APOS O VENCIMENTO COBRAR J00 000168
1022542123500018830945000316741000000                         0000000102830100       0000000000          201010024791217101217000000000349075630945010171116010100099000100020000000000000000000900000000000000000000000000100003029339998andreia cristina andrade hennipman      RUA LIMIRIO FLAVIO DA SILVA     ,85csVILA FERTIZA   38184218ARAXA          MG SENHOR CAIXA APOS O VENCIMENTO COBRAR J00 000169
1022542123500018830945000316741000000                         0000000110170100       0000000000          201010015980117100117000000000294075630945010181116010100099000100020000000000000000000900000000000000000000000000100078869340678JOAO DOS REIS DINIZ                     RUA VIVALDO GASPAR JANUARIO     ,50  SANTA MARIA    38181244ARAXA          MG SENHOR CAIXA APOS O VENCIMENTO COBRAR J00 000170
1022542123500018830945000316741000000                         0000000110240100       0000000000          201010015980217100217000000000294075630945010181116010100099000100020000000000000000000900000000000000000000000000100078869340678JOAO DOS REIS DINIZ                     RUA VIVALDO GASPAR JANUARIO     ,50  SANTA MARIA    38181244ARAXA          MG SENHOR CAIXA APOS O VENCIMENTO COBRAR J00 000171
1022542123500018830945000316741000000                         0000000110310100       0000000000          201010015980317100317000000000294075630945010181116010100099000100020000000000000000000900000000000000000000000000100078869340678JOAO DOS REIS DINIZ                     RUA VIVALDO GASPAR JANUARIO     ,50  SANTA MARIA    38181244ARAXA          MG SENHOR CAIXA APOS O VENCIMENTO COBRAR J00 000172
1022542123500018830945000316741000000                         0000000110490100       0000000000          201010015980417100417000000000294075630945010181116010100099000100020000000000000000000900000000000000000000000000100078869340678JOAO DOS REIS DINIZ                     RUA VIVALDO GASPAR JANUARIO     ,50  SANTA MARIA    38181244ARAXA          MG SENHOR CAIXA APOS O VENCIMENTO COBRAR J00 000173
1022542123500018830945000316741000000                         0000000110560100       0000000000          201010015980517100517000000000294075630945010181116010100099000100020000000000000000000900000000000000000000000000100078869340678JOAO DOS REIS DINIZ                     RUA VIVALDO GASPAR JANUARIO     ,50  SANTA MARIA    38181244ARAXA          MG SENHOR CAIXA APOS O VENCIMENTO COBRAR J00 000174
1022542123500018830945000316741000000                         0000000110630100       0000000000          201010015980617100617000000000294075630945010181116010100099000100020000000000000000000900000000000000000000000000100078869340678JOAO DOS REIS DINIZ                     RUA VIVALDO GASPAR JANUARIO     ,50  SANTA MARIA    38181244ARAXA          MG SENHOR CAIXA APOS O VENCIMENTO COBRAR J00 000175
1022542123500018830945000316741000000                         0000000110700100       0000000000          201010015980717100717000000000294075630945010181116010100099000100020000000000000000000900000000000000000000000000100078869340678JOAO DOS REIS DINIZ                     RUA VIVALDO GASPAR JANUARIO     ,50  SANTA MARIA    38181244ARAXA          MG SENHOR CAIXA APOS O VENCIMENTO COBRAR J00 000176
1022542123500018830945000316741000000                         0000000110880100       0000000000          201010015980817100817000000000294075630945010181116010100099000100020000000000000000000900000000000000000000000000100078869340678JOAO DOS REIS DINIZ                     RUA VIVALDO GASPAR JANUARIO     ,50  SANTA MARIA    38181244ARAXA          MG SENHOR CAIXA APOS O VENCIMENTO COBRAR J00 000177
1022542123500018830945000316741000000                         0000000110950100       0000000000          201010015980917100917000000000294075630945010181116010100099000100020000000000000000000900000000000000000000000000100078869340678JOAO DOS REIS DINIZ                     RUA VIVALDO GASPAR JANUARIO     ,50  SANTA MARIA    38181244ARAXA          MG SENHOR CAIXA APOS O VENCIMENTO COBRAR J00 000178
1022542123500018830945000316741000000                         0000000111030100       0000000000          201010015981017101017000000000294075630945010181116010100099000100020000000000000000000900000000000000000000000000100078869340678JOAO DOS REIS DINIZ                     RUA VIVALDO GASPAR JANUARIO     ,50  SANTA MARIA    38181244ARAXA          MG SENHOR CAIXA APOS O VENCIMENTO COBRAR J00 000179
1022542123500018830945000316741000000                         0000000111100100       0000000000          201010015981117101117000000000294075630945010181116010100099000100020000000000000000000900000000000000000000000000100078869340678JOAO DOS REIS DINIZ                     RUA VIVALDO GASPAR JANUARIO     ,50  SANTA MARIA    38181244ARAXA          MG SENHOR CAIXA APOS O VENCIMENTO COBRAR J00 000180
1022542123500018830945000316741000000                         0000000111280100       0000000000          201010015981217101217000000000294075630945010181116010100099000100020000000000000000000900000000000000000000000000100078869340678JOAO DOS REIS DINIZ                     RUA VIVALDO GASPAR JANUARIO     ,50  SANTA MARIA    38181244ARAXA          MG SENHOR CAIXA APOS O VENCIMENTO COBRAR J00 000181
1022542123500018830945000316741000000                         0000000217290100       0000000000          201020027050117100117000000000349075630945010221116010100099000100020000000000000000000900000000000000000000000000100000271385693maria aparecida de jesus machado        RUA NESTOR CASTRO ALVES         ,15  FRANCISCO DU   38181032ARAXA          MG SENHOR CAIXA APOS O VENCIMENTO COBRAR J00 000182
1022542123500018830945000316741000000                         0000000217360100       0000000000          201020027050217100217000000000349075630945010221116010100099000100020000000000000000000900000000000000000000000000100000271385693maria aparecida de jesus machado        RUA NESTOR CASTRO ALVES         ,15  FRANCISCO DU   38181032ARAXA          MG SENHOR CAIXA APOS O VENCIMENTO COBRAR J00 000183
1022542123500018830945000316741000000                         0000000217430100       0000000000          201020027050317100317000000000349075630945010221116010100099000100020000000000000000000900000000000000000000000000100000271385693maria aparecida de jesus machado        RUA NESTOR CASTRO ALVES         ,15  FRANCISCO DU   38181032ARAXA          MG SENHOR CAIXA APOS O VENCIMENTO COBRAR J00 000184
1022542123500018830945000316741000000                         0000000217500100       0000000000          201020027050417100417000000000349075630945010221116010100099000100020000000000000000000900000000000000000000000000100000271385693maria aparecida de jesus machado        RUA NESTOR CASTRO ALVES         ,15  FRANCISCO DU   38181032ARAXA          MG SENHOR CAIXA APOS O VENCIMENTO COBRAR J00 000185
1022542123500018830945000316741000000                         0000000217680100       0000000000          201020027050517100517000000000349075630945010221116010100099000100020000000000000000000900000000000000000000000000100000271385693maria aparecida de jesus machado        RUA NESTOR CASTRO ALVES         ,15  FRANCISCO DU   38181032ARAXA          MG SENHOR CAIXA APOS O VENCIMENTO COBRAR J00 000186
1022542123500018830945000316741000000                         0000000217750100       0000000000          201020027050617100617000000000349075630945010221116010100099000100020000000000000000000900000000000000000000000000100000271385693maria aparecida de jesus machado        RUA NESTOR CASTRO ALVES         ,15  FRANCISCO DU   38181032ARAXA          MG SENHOR CAIXA APOS O VENCIMENTO COBRAR J00 000187
1022542123500018830945000316741000000                         0000000217820100       0000000000          201020027050717100717000000000349075630945010221116010100099000100020000000000000000000900000000000000000000000000100000271385693maria aparecida de jesus machado        RUA NESTOR CASTRO ALVES         ,15  FRANCISCO DU   38181032ARAXA          MG SENHOR CAIXA APOS O VENCIMENTO COBRAR J00 000188
1022542123500018830945000316741000000                         0000000217900100       0000000000          201020027050817100817000000000349075630945010221116010100099000100020000000000000000000900000000000000000000000000100000271385693maria aparecida de jesus machado        RUA NESTOR CASTRO ALVES         ,15  FRANCISCO DU   38181032ARAXA          MG SENHOR CAIXA APOS O VENCIMENTO COBRAR J00 000189
1022542123500018830945000316741000000                         0000000218080100       0000000000          201020027050917100917000000000349075630945010221116010100099000100020000000000000000000900000000000000000000000000100000271385693maria aparecida de jesus machado        RUA NESTOR CASTRO ALVES         ,15  FRANCISCO DU   38181032ARAXA          MG SENHOR CAIXA APOS O VENCIMENTO COBRAR J00 000190
1022542123500018830945000316741000000                         0000000218150100       0000000000          201020027051017101017000000000349075630945010221116010100099000100020000000000000000000900000000000000000000000000100000271385693maria aparecida de jesus machado        RUA NESTOR CASTRO ALVES         ,15  FRANCISCO DU   38181032ARAXA          MG SENHOR CAIXA APOS O VENCIMENTO COBRAR J00 000191
1022542123500018830945000316741000000                         0000000218220100       0000000000          201020027051117101117000000000349075630945010221116010100099000100020000000000000000000900000000000000000000000000100000271385693maria aparecida de jesus machado        RUA NESTOR CASTRO ALVES         ,15  FRANCISCO DU   38181032ARAXA          MG SENHOR CAIXA APOS O VENCIMENTO COBRAR J00 000192
1022542123500018830945000316741000000                         0000000218300100       0000000000          201020027051217101217000000000349075630945010221116010100099000100020000000000000000000900000000000000000000000000100000271385693maria aparecida de jesus machado        RUA NESTOR CASTRO ALVES         ,15  FRANCISCO DU   38181032ARAXA          MG SENHOR CAIXA APOS O VENCIMENTO COBRAR J00 000193
1022542123500018830945000316741000000                         0000000224440100       0000000000          201010014580117100117000000000294075630945010221116010100099000100020000000000000000000900000000000000000000000000100023616300100irene lourenco fernandes de magalhaes   RUA ANTONIA DOMINGAS FONTES     ,75  BOA VISTA      38180680ARAXA          MG SENHOR CAIXA APOS O VENCIMENTO COBRAR J00 000194
1022542123500018830945000316741000000                         0000000224510100       0000000000          201010014580217100217000000000294075630945010221116010100099000100020000000000000000000900000000000000000000000000100023616300100irene lourenco fernandes de magalhaes   RUA ANTONIA DOMINGAS FONTES     ,75  BOA VISTA      38180680ARAXA          MG SENHOR CAIXA APOS O VENCIMENTO COBRAR J00 000195
1022542123500018830945000316741000000                         0000000224690100       0000000000          201010014580317100317000000000294075630945010221116010100099000100020000000000000000000900000000000000000000000000100023616300100irene lourenco fernandes de magalhaes   RUA ANTONIA DOMINGAS FONTES     ,75  BOA VISTA      38180680ARAXA          MG SENHOR CAIXA APOS O VENCIMENTO COBRAR J00 000196
1022542123500018830945000316741000000                         0000000224760100       0000000000          201010014580417100417000000000294075630945010221116010100099000100020000000000000000000900000000000000000000000000100023616300100irene lourenco fernandes de magalhaes   RUA ANTONIA DOMINGAS FONTES     ,75  BOA VISTA      38180680ARAXA          MG SENHOR CAIXA APOS O VENCIMENTO COBRAR J00 000197
1022542123500018830945000316741000000                         0000000224830100       0000000000          201010014580517100517000000000294075630945010221116010100099000100020000000000000000000900000000000000000000000000100023616300100irene lourenco fernandes de magalhaes   RUA ANTONIA DOMINGAS FONTES     ,75  BOA VISTA      38180680ARAXA          MG SENHOR CAIXA APOS O VENCIMENTO COBRAR J00 000198
1022542123500018830945000316741000000                         0000000224900100       0000000000          201010014580617100617000000000294075630945010221116010100099000100020000000000000000000900000000000000000000000000100023616300100irene lourenco fernandes de magalhaes   RUA ANTONIA DOMINGAS FONTES     ,75  BOA VISTA      38180680ARAXA          MG SENHOR CAIXA APOS O VENCIMENTO COBRAR J00 000199
1022542123500018830945000316741000000                         0000000225090100       0000000000          201010014580717100717000000000294075630945010221116010100099000100020000000000000000000900000000000000000000000000100023616300100irene lourenco fernandes de magalhaes   RUA ANTONIA DOMINGAS FONTES     ,75  BOA VISTA      38180680ARAXA          MG SENHOR CAIXA APOS O VENCIMENTO COBRAR J00 000200
1022542123500018830945000316741000000                         0000000225160100       0000000000          201010014580817100817000000000294075630945010221116010100099000100020000000000000000000900000000000000000000000000100023616300100irene lourenco fernandes de magalhaes   RUA ANTONIA DOMINGAS FONTES     ,75  BOA VISTA      38180680ARAXA          MG SENHOR CAIXA APOS O VENCIMENTO COBRAR J00 000201
1022542123500018830945000316741000000                         0000000225230100       0000000000          201010014580917100917000000000294075630945010221116010100099000100020000000000000000000900000000000000000000000000100023616300100irene lourenco fernandes de magalhaes   RUA ANTONIA DOMINGAS FONTES     ,75  BOA VISTA      38180680ARAXA          MG SENHOR CAIXA APOS O VENCIMENTO COBRAR J00 000202
1022542123500018830945000316741000000                         0000000225300100       0000000000          201010014581017101017000000000294075630945010221116010100099000100020000000000000000000900000000000000000000000000100023616300100irene lourenco fernandes de magalhaes   RUA ANTONIA DOMINGAS FONTES     ,75  BOA VISTA      38180680ARAXA          MG SENHOR CAIXA APOS O VENCIMENTO COBRAR J00 000203
1022542123500018830945000316741000000                         0000000225480100       0000000000          201010014581117101117000000000294075630945010221116010100099000100020000000000000000000900000000000000000000000000100023616300100irene lourenco fernandes de magalhaes   RUA ANTONIA DOMINGAS FONTES     ,75  BOA VISTA      38180680ARAXA          MG SENHOR CAIXA APOS O VENCIMENTO COBRAR J00 000204
1022542123500018830945000316741000000                         0000000225550100       0000000000          201010014581217101217000000000294075630945010221116010100099000100020000000000000000000900000000000000000000000000100023616300100irene lourenco fernandes de magalhaes   RUA ANTONIA DOMINGAS FONTES     ,75  BOA VISTA      38180680ARAXA          MG SENHOR CAIXA APOS O VENCIMENTO COBRAR J00 000205
1022542123500018830945000316741000000                         0000000233280100       0000000000          201010011100117100117000000000294075630945010061216010100099000100020000000000000000000900000000000000000000000000100058566180682rosa helena de moraes                   RUA BENEDITA MARGARIDA DA MOTA  ,110 ADEMAR RODRIGUE38182398ARAXA          MG SENHOR CAIXA APOS O VENCIMENTO COBRAR J00 000206
1022542123500018830945000316741000000                         0000000233350100       0000000000          201010011100217100217000000000294075630945010061216010100099000100020000000000000000000900000000000000000000000000100058566180682rosa helena de moraes                   RUA BENEDITA MARGARIDA DA MOTA  ,110 ADEMAR RODRIGUE38182398ARAXA          MG SENHOR CAIXA APOS O VENCIMENTO COBRAR J00 000207
1022542123500018830945000316741000000                         0000000233420100       0000000000          201010011100317100317000000000294075630945010061216010100099000100020000000000000000000900000000000000000000000000100058566180682rosa helena de moraes                   RUA BENEDITA MARGARIDA DA MOTA  ,110 ADEMAR RODRIGUE38182398ARAXA          MG SENHOR CAIXA APOS O VENCIMENTO COBRAR J00 000208
1022542123500018830945000316741000000                         0000000233500100       0000000000          201010011100417100417000000000294075630945010061216010100099000100020000000000000000000900000000000000000000000000100058566180682rosa helena de moraes                   RUA BENEDITA MARGARIDA DA MOTA  ,110 ADEMAR RODRIGUE38182398ARAXA          MG SENHOR CAIXA APOS O VENCIMENTO COBRAR J00 000209
1022542123500018830945000316741000000                         0000000233670100       0000000000          201010011100517100517000000000294075630945010061216010100099000100020000000000000000000900000000000000000000000000100058566180682rosa helena de moraes                   RUA BENEDITA MARGARIDA DA MOTA  ,110 ADEMAR RODRIGUE38182398ARAXA          MG SENHOR CAIXA APOS O VENCIMENTO COBRAR J00 000210
1022542123500018830945000316741000000                         0000000233740100       0000000000          201010011100617100617000000000294075630945010061216010100099000100020000000000000000000900000000000000000000000000100058566180682rosa helena de moraes                   RUA BENEDITA MARGARIDA DA MOTA  ,110 ADEMAR RODRIGUE38182398ARAXA          MG SENHOR CAIXA APOS O VENCIMENTO COBRAR J00 000211
1022542123500018830945000316741000000                         0000000233810100       0000000000          201010011100717100717000000000294075630945010061216010100099000100020000000000000000000900000000000000000000000000100058566180682rosa helena de moraes                   RUA BENEDITA MARGARIDA DA MOTA  ,110 ADEMAR RODRIGUE38182398ARAXA          MG SENHOR CAIXA APOS O VENCIMENTO COBRAR J00 000212
1022542123500018830945000316741000000                         0000000233990100       0000000000          201010011100817100817000000000294075630945010061216010100099000100020000000000000000000900000000000000000000000000100058566180682rosa helena de moraes                   RUA BENEDITA MARGARIDA DA MOTA  ,110 ADEMAR RODRIGUE38182398ARAXA          MG SENHOR CAIXA APOS O VENCIMENTO COBRAR J00 000213
1022542123500018830945000316741000000                         0000000234070100       0000000000          201010011100917100917000000000294075630945010061216010100099000100020000000000000000000900000000000000000000000000100058566180682rosa helena de moraes                   RUA BENEDITA MARGARIDA DA MOTA  ,110 ADEMAR RODRIGUE38182398ARAXA          MG SENHOR CAIXA APOS O VENCIMENTO COBRAR J00 000214
1022542123500018830945000316741000000                         0000000234140100       0000000000          201010011101017101017000000000294075630945010061216010100099000100020000000000000000000900000000000000000000000000100058566180682rosa helena de moraes                   RUA BENEDITA MARGARIDA DA MOTA  ,110 ADEMAR RODRIGUE38182398ARAXA          MG SENHOR CAIXA APOS O VENCIMENTO COBRAR J00 000215
1022542123500018830945000316741000000                         0000000234210100       0000000000          201010011101117101117000000000294075630945010061216010100099000100020000000000000000000900000000000000000000000000100058566180682rosa helena de moraes                   RUA BENEDITA MARGARIDA DA MOTA  ,110 ADEMAR RODRIGUE38182398ARAXA          MG SENHOR CAIXA APOS O VENCIMENTO COBRAR J00 000216
1022542123500018830945000316741000000                         0000000234390100       0000000000          201010011101217101217000000000294075630945010061216010100099000100020000000000000000000900000000000000000000000000100058566180682rosa helena de moraes                   RUA BENEDITA MARGARIDA DA MOTA  ,110 ADEMAR RODRIGUE38182398ARAXA          MG SENHOR CAIXA APOS O VENCIMENTO COBRAR J00 000217
1022542123500018830945000316741000000                         0000000234460100       0000000000          201010029790117100117000000000349075630945010061216010100099000100020000000000000000000900000000000000000000000000100008584976620marcella ribeiro de morais              RUA CARLOS CHAGAS               ,60  AREA III       38182408ARAXA          MG SENHOR CAIXA APOS O VENCIMENTO COBRAR J00 000218
1022542123500018830945000316741000000                         0000000234530100       0000000000          201010029790217100217000000000349075630945010061216010100099000100020000000000000000000900000000000000000000000000100008584976620marcella ribeiro de morais              RUA CARLOS CHAGAS               ,60  AREA III       38182408ARAXA          MG SENHOR CAIXA APOS O VENCIMENTO COBRAR J00 000219
1022542123500018830945000316741000000                         0000000234600100       0000000000          201010029790317100317000000000349075630945010061216010100099000100020000000000000000000900000000000000000000000000100008584976620marcella ribeiro de morais              RUA CARLOS CHAGAS               ,60  AREA III       38182408ARAXA          MG SENHOR CAIXA APOS O VENCIMENTO COBRAR J00 000220
1022542123500018830945000316741000000                         0000000234780100       0000000000          201010029790417100417000000000349075630945010061216010100099000100020000000000000000000900000000000000000000000000100008584976620marcella ribeiro de morais              RUA CARLOS CHAGAS               ,60  AREA III       38182408ARAXA          MG SENHOR CAIXA APOS O VENCIMENTO COBRAR J00 000221
1022542123500018830945000316741000000                         0000000234850100       0000000000          201010029790517100517000000000349075630945010061216010100099000100020000000000000000000900000000000000000000000000100008584976620marcella ribeiro de morais              RUA CARLOS CHAGAS               ,60  AREA III       38182408ARAXA          MG SENHOR CAIXA APOS O VENCIMENTO COBRAR J00 000222
1022542123500018830945000316741000000                         0000000234920100       0000000000          201010029790617100617000000000349075630945010061216010100099000100020000000000000000000900000000000000000000000000100008584976620marcella ribeiro de morais              RUA CARLOS CHAGAS               ,60  AREA III       38182408ARAXA          MG SENHOR CAIXA APOS O VENCIMENTO COBRAR J00 000223
1022542123500018830945000316741000000                         0000000235000100       0000000000          201010029790717100717000000000349075630945010061216010100099000100020000000000000000000900000000000000000000000000100008584976620marcella ribeiro de morais              RUA CARLOS CHAGAS               ,60  AREA III       38182408ARAXA          MG SENHOR CAIXA APOS O VENCIMENTO COBRAR J00 000224
1022542123500018830945000316741000000                         0000000235180100       0000000000          201010029790817100817000000000349075630945010061216010100099000100020000000000000000000900000000000000000000000000100008584976620marcella ribeiro de morais              RUA CARLOS CHAGAS               ,60  AREA III       38182408ARAXA          MG SENHOR CAIXA APOS O VENCIMENTO COBRAR J00 000225
1022542123500018830945000316741000000                         0000000235250100       0000000000          201010029790917100917000000000349075630945010061216010100099000100020000000000000000000900000000000000000000000000100008584976620marcella ribeiro de morais              RUA CARLOS CHAGAS               ,60  AREA III       38182408ARAXA          MG SENHOR CAIXA APOS O VENCIMENTO COBRAR J00 000226
1022542123500018830945000316741000000                         0000000235320100       0000000000          201010029791017101017000000000349075630945010061216010100099000100020000000000000000000900000000000000000000000000100008584976620marcella ribeiro de morais              RUA CARLOS CHAGAS               ,60  AREA III       38182408ARAXA          MG SENHOR CAIXA APOS O VENCIMENTO COBRAR J00 000227
1022542123500018830945000316741000000                         0000000235400100       0000000000          201010029791117101117000000000349075630945010061216010100099000100020000000000000000000900000000000000000000000000100008584976620marcella ribeiro de morais              RUA CARLOS CHAGAS               ,60  AREA III       38182408ARAXA          MG SENHOR CAIXA APOS O VENCIMENTO COBRAR J00 000228
1022542123500018830945000316741000000                         0000000235570100       0000000000          201010029791217101217000000000349075630945010061216010100099000100020000000000000000000900000000000000000000000000100008584976620marcella ribeiro de morais              RUA CARLOS CHAGAS               ,60  AREA III       38182408ARAXA          MG SENHOR CAIXA APOS O VENCIMENTO COBRAR J00 000229
1022542123500018830945000316741000000                         0000000235640100       0000000000          201010027500117100117000000000349075630945010071216010100099000100020000000000000000000900000000000000000000000000100002828999602elma aparecida alves santos             IMBIARA                         ,349 CENTRO         38183244ARAXA          MG SENHOR CAIXA APOS O VENCIMENTO COBRAR J00 000230
1022542123500018830945000316741000000                         0000000235710100       0000000000          201010027500217100217000000000349075630945010071216010100099000100020000000000000000000900000000000000000000000000100002828999602elma aparecida alves santos             IMBIARA                         ,349 CENTRO         38183244ARAXA          MG SENHOR CAIXA APOS O VENCIMENTO COBRAR J00 000231
1022542123500018830945000316741000000                         0000000235890100       0000000000          201010027500317100317000000000349075630945010071216010100099000100020000000000000000000900000000000000000000000000100002828999602elma aparecida alves santos             IMBIARA                         ,349 CENTRO         38183244ARAXA          MG SENHOR CAIXA APOS O VENCIMENTO COBRAR J00 000232
1022542123500018830945000316741000000                         0000000235960100       0000000000          201010027500417100417000000000349075630945010071216010100099000100020000000000000000000900000000000000000000000000100002828999602elma aparecida alves santos             IMBIARA                         ,349 CENTRO         38183244ARAXA          MG SENHOR CAIXA APOS O VENCIMENTO COBRAR J00 000233
1022542123500018830945000316741000000                         0000000236040100       0000000000          201010027500517100517000000000349075630945010071216010100099000100020000000000000000000900000000000000000000000000100002828999602elma aparecida alves santos             IMBIARA                         ,349 CENTRO         38183244ARAXA          MG SENHOR CAIXA APOS O VENCIMENTO COBRAR J00 000234
1022542123500018830945000316741000000                         0000000236110100       0000000000          201010027500617100617000000000349075630945010071216010100099000100020000000000000000000900000000000000000000000000100002828999602elma aparecida alves santos             IMBIARA                         ,349 CENTRO         38183244ARAXA          MG SENHOR CAIXA APOS O VENCIMENTO COBRAR J00 000235
1022542123500018830945000316741000000                         0000000236290100       0000000000          201010027500717100717000000000349075630945010071216010100099000100020000000000000000000900000000000000000000000000100002828999602elma aparecida alves santos             IMBIARA                         ,349 CENTRO         38183244ARAXA          MG SENHOR CAIXA APOS O VENCIMENTO COBRAR J00 000236
1022542123500018830945000316741000000                         0000000236360100       0000000000          201010027500817100817000000000349075630945010071216010100099000100020000000000000000000900000000000000000000000000100002828999602elma aparecida alves santos             IMBIARA                         ,349 CENTRO         38183244ARAXA          MG SENHOR CAIXA APOS O VENCIMENTO COBRAR J00 000237
1022542123500018830945000316741000000                         0000000236430100       0000000000          201010027500917100917000000000349075630945010071216010100099000100020000000000000000000900000000000000000000000000100002828999602elma aparecida alves santos             IMBIARA                         ,349 CENTRO         38183244ARAXA          MG SENHOR CAIXA APOS O VENCIMENTO COBRAR J00 000238
1022542123500018830945000316741000000                         0000000236500100       0000000000          201010027501017101017000000000349075630945010071216010100099000100020000000000000000000900000000000000000000000000100002828999602elma aparecida alves santos             IMBIARA                         ,349 CENTRO         38183244ARAXA          MG SENHOR CAIXA APOS O VENCIMENTO COBRAR J00 000239
1022542123500018830945000316741000000                         0000000236680100       0000000000          201010027501117101117000000000349075630945010071216010100099000100020000000000000000000900000000000000000000000000100002828999602elma aparecida alves santos             IMBIARA                         ,349 CENTRO         38183244ARAXA          MG SENHOR CAIXA APOS O VENCIMENTO COBRAR J00 000240
1022542123500018830945000316741000000                         0000000236750100       0000000000          201010027501217101217000000000349075630945010071216010100099000100020000000000000000000900000000000000000000000000100002828999602elma aparecida alves santos             IMBIARA                         ,349 CENTRO         38183244ARAXA          MG SENHOR CAIXA APOS O VENCIMENTO COBRAR J00 000241
9                                                                                                                                                                                                 COBRAR R$ 0,12 JUROS/DIA APOS O VENCIMENCOBRAR R$ 3,49 DE MULTA APOS O VENCIMENT                                                                                                                        000242
