02RETORNO01COBRANÇA       30940000327964316741J REZENDE                     756 - BANCOOB S/A 0212190000365                                                                                                                                                                                                                                                                                               000001
1022542123500018830940000316741000000                         00000005087401000000DM 00000000000000000000 01062911190011611219                    101219000000000324010400970012911190000250000000000000000000000000000000000000000000000000000000000000000000000000003240000000000000000000000000000000000000000000000000000010000000000000          0004342743060000000000000000000000000000000000000000000002
1022542123500018830940000316741000000                         00000004991101000000DM 00000000000000000000 01062911190010141219                    101219000000000374010400970012911190000250000000000000000000000000000000000000000000000000000000000000000000000000003740000000000000000000000000000000000000000000000000000010000000000000          0005764752663400000000000000000000000000000000000000000003
9027563094SICOOB CREDIARA          R D BOSCO                                         Centro                        38183228Araxá                         MG021220190000000200000000113                                                                                                                                                                                                                    000004
