02RETORNO01COBRANÇA       30940000327964316741J REZENDE                     756 - BANCOOB S/A 1812190000370                                                                                                                                                                                                                                                                                               000001
1022542123500018830940000316741000000                         00000005117001000000DM 00000000000000000000 01091312190013890619                    150619000000000324075630940011312190000100000000000000000000000000000000000000000000000000000000000000000000000000003240000000000000000000000000000000000000000000000000000010000000000000          0000690262868800000000000000000000000000000000000000000002
1022542123500018830940000316741000000                         00000005352201000000DM 00000000000000000000 01061312190023041219                    101219000000000374010400970011312190000250000000000000000000000000000000000000000000000000000000000000000000000000003746000000000000600000000000000000000000000000000000000010000000000000          0004225353567200000000000000000000000000000000000000000003
1022542123500018830940000316741000000                         00000006464101000000DM 00000000000000000000 01061712190010140120                    100120000000000400010400970011712190000250000000000000000000000000000000000000000000000000000000000000000000000000004000000000000000000000000000000000000000000000000000000010000000000000          0005764752663400000000000000000000000000000000000000000004
1022542123500018830940000316741000000                         00000005363301000000DM 00000000000000000000 01101312190023391119                    101119000000000374075630940011312190000100000000000000000000000000000000000000000000000000000000000000000000000000003740000000000000000000000000000000000000000000000000000010000000000000          0003615945069700000000000000000000000000000000000000000005
1022542123500018830940000316741000000                         00000004955601000000DM 00000000000000000000 01101312190008691219                    101219000000000324075630940011312190000100000000000000000000000000000000000000000000000000000000000000000000000000003240000000000000000000000000000000000000000000000000000010000000000000          0000027442861000000000000000000000000000000000000000000006
1022542123500018830940000316741000000                         00000005364001000000DM 00000000000000000000 01101312190023391219                    101219000000000374075630940011312190000100000000000000000000000000000000000000000000000000000000000000000000000000003740000000000000000000000000000000000000000000000000000010000000000000          0003615945069700000000000000000000000000000000000000000007
9027563094SICOOB CREDIARA          R D BOSCO                                         Centro                        38183228Araxá                         MG181220190000000600000000113                                                                                                                                                                                                                    000008
