02RETORNO01COBRANÇA       30940000327964316741J REZENDE                     756 - BANCOOB S/A 1312190000369                                                                                                                                                                                                                                                                                               000001
1022542123500018830940000316741000000                         00000006672401000000DM 00000000000000000000 01061212191000111119                    101219000000001396000102100011212190000250000000000000000000000000000000000000000000000000000000000000000000000000013973000000000001300000000000000000000000000000000000000010000000000000          3874637600038400000000000000000000000000000000000000000002
1022542123500018830940000316741000000                         00000005894001000000DM 00000000000000000000 01061212191000111019                    111119000000001396000102100011212190000250000000000000000000000000000000000000000000000000000000000000000000000000013973000000000001300000000000000000000000000000000000000010000000000000          3874637600038400000000000000000000000000000000000000000003
1022542123500018830940000316741000000                         00000005874301000000DM 00000000000000000000 01061212191000110919                    101019000000001396000102100011212190000250000000000000000000000000000000000000000000000000000000000000000000000000013973000000000001300000000000000000000000000000000000000010000000000000          3874637600038400000000000000000000000000000000000000000004
9027563094SICOOB CREDIARA          R D BOSCO                                         Centro                        38183228Araxá                         MG131220190000000300000000113                                                                                                                                                                                                                    000005
