02RETORNO01COBRANÇA       30940000327964316741J REZENDE                     756 - BANCOOB S/A 0612190000366                                                                                                                                                                                                                                                                                               000001
1022542123500018830940000316741000000                         00000005232301000000DM 00000000000000000000 01060312190015981219                    101219000000000324010400970010312190000250000000000000000000000000000000000000000000000000000000000000000000000000003240000000000000000000000000000000000000000000000000000010000000000000          0007886934067800000000000000000000000000000000000000000002
1022542123500018830940000316741000000                         00000005458801000000DM 00000000000000000000 01060512190026051019                    101019000000000374075630940010512190000250000000000000000000000000000000000000000000000000000000000000000000000000003814000000000007400000000000000000000000000000000000000010000000000000          0000258153466400000000000000000000000000000000000000000003
1022542123500018830940000316741000000                         00000004763101000000DM 00000000000000000000 01060412190004221219                    101219000000000324023716910010412190000250000000000000000000000000000000000000000000000000000000000000000000000000003240000000000000000000000000000000000000000000000000000010000000000000          0007415855469100000000000000000000000000000000000000000004
1022542123500018830940000316741000000                         00000005580201000000DM 00000000000000000000 01060312190028811219                    101219000000000374010400970010312190000250000000000000000000000000000000000000000000000000000000000000000000000000003740000000000000000000000000000000000000000000000000000010000000000000          0002729612165300000000000000000000000000000000000000000005
1022542123500018830940000316741000000                         00000005051001000000DM 00000000000000000000 01060412190010921219                    101219000000000324010400970010412190000250000000000000000000000000000000000000000000000000000000000000000000000000003240000000000000000000000000000000000000000000000000000010000000000000          0007570230469100000000000000000000000000000000000000000006
1022542123500018830940000316741000000                         00000005436601000000DM 00000000000000000000 01060512190025271219                    101219000000000374010400970010512190000250000000000000000000000000000000000000000000000000000000000000000000000000003740000000000000000000000000000000000000000000000000000010000000000000          0000677178867900000000000000000000000000000000000000000007
1022542123500018830940000316741000000                         00000005496801000000DM 00000000000000000000 01060312190026741219                    101219000000000374023716910010312190000250000000000000000000000000000000000000000000000000000000000000000000000000003740000000000000000000000000000000000000000000000000000010000000000000          0000954360460600000000000000000000000000000000000000000008
1022542123500018830940000316741000000                         00000005459501000000DM 00000000000000000000 01060512190026051119                    101119000000000374075630940010512190000250000000000000000000000000000000000000000000000000000000000000000000000000003774000000000003400000000000000000000000000000000000000010000000000000          0000258153466400000000000000000000000000000000000000000009
1022542123500018830940000316741000000                         00000005591301000000DM 00000000000000000000 01060512190028821119                    101119000000000374010400970010512190000250000000000000000000000000000000000000000000000000000000000000000000000000003774000000000003400000000000000000000000000000000000000010000000000000          0002486093060600000000000000000000000000000000000000000010
1022542123500018830940000316741000000                         00000005172601000000DM 00000000000000000000 01060312190014581219                    101219000000000324010400970010312190000250000000000000000000000000000000000000000000000000000000000000000000000000003240000000000000000000000000000000000000000000000000000010000000000000          0002361630010000000000000000000000000000000000000000000011
9027563094SICOOB CREDIARA          R D BOSCO                                         Centro                        38183228Araxá                         MG061220190000001000000000113                                                                                                                                                                                                                    000012
