02RETORNO01COBRANÇA       30940000327964316741J REZENDE                     756 - BANCOOB S/A 1112190000368                                                                                                                                                                                                                                                                                               000001
1022542123500018830940000316741000000                         00000005376901000000DM 00000000000000000000 01061012190023971219                    101219000000000374010400970011012190000250000000000000000000000000000000000000000000000000000000000000000000000000003740000000000000000000000000000000000000000000000000000010000000000000          0007188737762000000000000000000000000000000000000000000002
1022542123500018830940000316741000000                         00000006674901000000DM 00000000000000000000 01061012191000211119                    101219000000000526575673120011012190000250000000000000000000000000000000000000000000000000000000000000000000000000005265000000000000000000000000000000000000000000000000000010000000000000          6522717500018100000000000000000000000000000000000000000003
1022542123500018830940000316741000000                         00000005676401000000DM 00000000000000000000 01061012190030141219                    101219000000000374000113320011012190000250000000000000000000000000000000000000000000000000000000000000000000000000003740000000000000000000000000000000000000000000000000000010000000000000          0000506908968400000000000000000000000000000000000000000004
1022542123500018830940000316741000000                         00000006670001000000DM 00000000000000000000 01061012191000121119                    101219000000000349000102100011012190000250000000000000000000000000000000000000000000000000000000000000000000000000003490000000000000000000000000000000000000000000000000000010000000000000          7097216100012200000000000000000000000000000000000000000005
1022542123500018830940000316741000000                         00000005732201000000DM 00000000000000000000 01061012190030691219                    101219000000000374075630940011012190000250000000000000000000000000000000000000000000000000000000000000000000000000003740000000000000000000000000000000000000000000000000000010000000000000          0006037461660400000000000000000000000000000000000000000006
1022542123500018830940000316741000000                         00000005063801000000DM 00000000000000000000 01061012190011031219                    101219000000000324023716910011012190000250000000000000000000000000000000000000000000000000000000000000000000000000003240000000000000000000000000000000000000000000000000000010000000000000          0008715135969100000000000000000000000000000000000000000007
1022542123500018830940000316741000000                         00000006675601000000DM 00000000000000000000 01061012191000251119                    101219000000000726010400970011012190000250000000000000000000000000000000000000000000000000000000000000000000000000007260000000000000000000000000000000000000000000000000000010000000000000          2604122800011300000000000000000000000000000000000000000008
1022542123500018830940000316741000000                         00000006677001000000DM 00000000000000000000 01061012191000271219                    101219000000002072075630940011012190000250000000000000000000000000000000000000000000000000000000000000000000000000020720000000000000000000000000000000000000000000000000000010000000000000          0534793700015100000000000000000000000000000000000000000009
1022542123500018830940000316741000000                         00000005616201000000DM 00000000000000000000 01061012190029011219                    101219000000000374010400970011012190000250000000000000000000000000000000000000000000000000000000000000000000000000003740000000000000000000000000000000000000000000000000000010000000000000          0002483652468700000000000000000000000000000000000000000010
1022542123500018830940000316741000000                         00000004835701000000DM 00000000000000000000 01061012190005191219                    101219000000000324010400970011012190000250000000000000000000000000000000000000000000000000000000000000000000000000003240000000000000000000000000000000000000000000000000000010000000000000          0007188477760000000000000000000000000000000000000000000011
1022542123500018830940000316741000000                         00000006676301000000DM 00000000000000000000 01061012191000261119                    101219000000005566034109440011012190000250000000000000000000000000000000000000000000000000000000000000000000000000055660000000000000000000000000000000000000000000000000000010000000000000          0098386400017000000000000000000000000000000000000000000012
1022542123500018830940000316741000000                         00000005472101000000DM 00000000000000000000 01061012190026651219                    101219000000000374034109440011012190000250000000000000000000000000000000000000000000000000000000000000000000000000003740000000000000000000000000000000000000000000000000000010000000000000          0000694769266000000000000000000000000000000000000000000013
1022542123500018830940000316741000000                         00000004751301000000DM 00000000000000000000 01061012190004161219                    101219000000000324034109440011012190000250000000000000000000000000000000000000000000000000000000000000000000000000003240000000000000000000000000000000000000000000000000000010000000000000          0009147587261500000000000000000000000000000000000000000014
9027563094SICOOB CREDIARA          R D BOSCO                                         Centro                        38183228Araxá                         MG111220190000001300000000113                                                                                                                                                                                                                    000015
