02RETORNO01COBRANÇA       30940000327964316741J REZENDE                     756 - BANCOOB S/A 1012190000367                                                                                                                                                                                                                                                                                               000001
1022542123500018830940000316741000000                         00000005406501000000DM 00000000000000000000 01090912190024730619                    100619000000000374075630940010912190000100000000000000000000000000000000000000000000000000000000000000000000000000003740000000000000000000000000000000000000000000000000000010000000000000          0001603579869100000000000000000000000000000000000000000002
1022542123500018830940000316741000000                         00000005478501000000DM 00000000000000000000 01090912190026730619                    100619000000000374075630940010912190000100000000000000000000000000000000000000000000000000000000000000000000000000003740000000000000000000000000000000000000000000000000000010000000000000          0000945536569300000000000000000000000000000000000000000003
1022542123500018830940000316741000000                         00000004679701000000DM 00000000000000000000 01060912190001141219                    101219000000000324010400970010912190000250000000000000000000000000000000000000000000000000000000000000000000000000003240000000000000000000000000000000000000000000000000000010000000000000          0004897155363400000000000000000000000000000000000000000004
1022542123500018830940000316741000000                         00000005714001000000DM 00000000000000000000 01090912190030700619                    100619000000000374075630940010912190000100000000000000000000000000000000000000000000000000000000000000000000000000003740000000000000000000000000000000000000000000000000000010000000000000          0001212798465000000000000000000000000000000000000000000005
1022542123500018830940000316741000000                         00000005738601000000DM 00000000000000000000 01090912190029220619                    100619000000000374075630940010912190000100000000000000000000000000000000000000000000000000000000000000000000000000003740000000000000000000000000000000000000000000000000000010000000000000          0005554795862000000000000000000000000000000000000000000006
1022542123500018830940000316741000000                         00000004949101000000DM 00000000000000000000 01090912190008690619                    100619000000000324075630940010912190000100000000000000000000000000000000000000000000000000000000000000000000000000003240000000000000000000000000000000000000000000000000000010000000000000          0000027442861000000000000000000000000000000000000000000007
1022542123500018830940000316741000000                         00000004967401000000DM 00000000000000000000 01060912190009011219                    101219000000000324010400970010912190000250000000000000000000000000000000000000000000000000000000000000000000000000003240000000000000000000000000000000000000000000000000000010000000000000          0009470166060400000000000000000000000000000000000000000008
1022542123500018830940000316741000000                         00000005256001000000DM 00000000000000000000 01060912190017221219                    101219000000000324063400190010912190000250000000000000000000000000000000000000000000000000000000000000000000000000003240000000000000000000000000000000000000000000000000000010000000000000          0000326379860000000000000000000000000000000000000000000009
1022542123500018830940000316741000000                         00000005262401000000DM 00000000000000000000 01090912190017340619                    100619000000000324075630940010912190000100000000000000000000000000000000000000000000000000000000000000000000000000003240000000000000000000000000000000000000000000000000000010000000000000          0006300667766800000000000000000000000000000000000000000010
1022542123500018830940000316741000000                         00000005310301000000DM 00000000000000000000 01090912190022660619                    100619000000000374075630940010912190000100000000000000000000000000000000000000000000000000000000000000000000000000003740000000000000000000000000000000000000000000000000000010000000000000          0004170441060600000000000000000000000000000000000000000011
1022542123500018830940000316741000000                         00000005388701000000DM 00000000000000000000 01060912190024531219                    101219000000000374010400970010912190000250000000000000000000000000000000000000000000000000000000000000000000000000003740000000000000000000000000000000000000000000000000000010000000000000          0003607094764900000000000000000000000000000000000000000012
1022542123500018830940000316741000000                         00000005598401000000DM 00000000000000000000 01090912190028970619                    100619000000000374075630940010912190000100000000000000000000000000000000000000000000000000000000000000000000000000003740000000000000000000000000000000000000000000000000000010000000000000          0005968516666800000000000000000000000000000000000000000013
1022542123500018830940000316741000000                         00000004709301000000DM 00000000000000000000 01090912190002560619                    100619000000000324075630940010912190000100000000000000000000000000000000000000000000000000000000000000000000000000003240000000000000000000000000000000000000000000000000000010000000000000          0000474784860600000000000000000000000000000000000000000014
1022542123500018830940000316741000000                         00000004721201000000DM 00000000000000000000 01090912190004110619                    100619000000000374075630940010912190000100000000000000000000000000000000000000000000000000000000000000000000000000003740000000000000000000000000000000000000000000000000000010000000000000          0007246051260000000000000000000000000000000000000000000015
1022542123500018830940000316741000000                         00000004853001000000DM 00000000000000000000 01090912190005450619                    100619000000000324075630940010912190000100000000000000000000000000000000000000000000000000000000000000000000000000003240000000000000000000000000000000000000000000000000000010000000000000          0003013578866800000000000000000000000000000000000000000016
1022542123500018830940000316741000000                         00000005141801000000DM 00000000000000000000 01090912190014480619                    100619000000000324075630940010912190000100000000000000000000000000000000000000000000000000000000000000000000000000003240000000000000000000000000000000000000000000000000000010000000000000          0005227926069700000000000000000000000000000000000000000017
1022542123500018830940000316741000000                         00000005274201000000DM 00000000000000000000 01090912190017750619                    100619000000000324075630940010912190000100000000000000000000000000000000000000000000000000000000000000000000000000003240000000000000000000000000000000000000000000000000000010000000000000          0002729843469100000000000000000000000000000000000000000018
1022542123500018830940000316741000000                         00000005322101000000DM 00000000000000000000 01090912190022690619                    100619000000000374075630940010912190000100000000000000000000000000000000000000000000000000000000000000000000000000003740000000000000000000000000000000000000000000000000000010000000000000          0006307307269100000000000000000000000000000000000000000019
1022542123500018830940000316741000000                         00000005334001000000DM 00000000000000000000 01090912190022820619                    100619000000000324075630940010912190000100000000000000000000000000000000000000000000000000000000000000000000000000003240000000000000000000000000000000000000000000000000000010000000000000          0007188059365300000000000000000000000000000000000000000020
1022542123500018830940000316741000000                         00000005514601000000DM 00000000000000000000 01090912190027000619                    100619000000000374075630940010912190000100000000000000000000000000000000000000000000000000000000000000000000000000003740000000000000000000000000000000000000000000000000000010000000000000          0000487456467400000000000000000000000000000000000000000021
1022542123500018830940000316741000000                         00000005184401000000DM 00000000000000000000 01060912190014701219                    101219000000000324010400970010912190000250000000000000000000000000000000000000000000000000000000000000000000000000003240000000000000000000000000000000000000000000000000000010000000000000          0008318973461500000000000000000000000000000000000000000022
1022542123500018830940000316741000000                         00000004883001000000DM 00000000000000000000 01060912190006481219                    101219000000000374010400970010912190000250000000000000000000000000000000000000000000000000000000000000000000000000003740000000000000000000000000000000000000000000000000000010000000000000          0001612677762000000000000000000000000000000000000000000023
1022542123500018830940000316741000000                         00000004889401000000DM 00000000000000000000 01090912190006510619                    100619000000000324075630940010912190000100000000000000000000000000000000000000000000000000000000000000000000000000003240000000000000000000000000000000000000000000000000000010000000000000          0006345744697000000000000000000000000000000000000000000024
1022542123500018830940000316741000000                         00000004919001000000DM 00000000000000000000 01060912190008391219                    101219000000000324010400970010912190000250000000000000000000000000000000000000000000000000000000000000000000000000003240000000000000000000000000000000000000000000000000000010000000000000          0004904386264900000000000000000000000000000000000000000025
1022542123500018830940000316741000000                         00000005442001000000DM 00000000000000000000 01090912190025960619                    100619000000000374075630940010912190000100000000000000000000000000000000000000000000000000000000000000000000000000003740000000000000000000000000000000000000000000000000000010000000000000          0009277829168700000000000000000000000000000000000000000026
1022542123500018830940000316741000000                         00000004817401000000DM 00000000000000000000 01090912190004910619                    100619000000000324075630940010912190000100000000000000000000000000000000000000000000000000000000000000000000000000003240000000000000000000000000000000000000000000000000000010000000000000          0002624052160400000000000000000000000000000000000000000027
1022542123500018830940000316741000000                         00000004901901000000DM 00000000000000000000 01090912190007010619                    100619000000000324075630940010912190000100000000000000000000000000000000000000000000000000000000000000000000000000003240000000000000000000000000000000000000000000000000000010000000000000          0006529267760400000000000000000000000000000000000000000028
1022542123500018830940000316741000000                         00000005129901000000DM 00000000000000000000 01090912190014430619                    100619000000000324075630940010912190000100000000000000000000000000000000000000000000000000000000000000000000000000003240000000000000000000000000000000000000000000000000000010000000000000          0000696140365400000000000000000000000000000000000000000029
1022542123500018830940000316741000000                         00000005658101000000DM 00000000000000000000 01090912190029710619                    100619000000000374075630940010912190000100000000000000000000000000000000000000000000000000000000000000000000000000003740000000000000000000000000000000000000000000000000000010000000000000          0002729840060600000000000000000000000000000000000000000030
1022542123500018830940000316741000000                         00000004774201000000DM 00000000000000000000 01060912190004271119                    101119000000000324010400970010912190000250000000000000000000000000000000000000000000000000000000000000000000000000003274000000000003400000000000000000000000000000000000000010000000000000          0000329979965700000000000000000000000000000000000000000031
1022542123500018830940000316741000000                         00000004979201000000DM 00000000000000000000 01060912190009531219                    101219000000000324010400970010912190000250000000000000000000000000000000000000000000000000000000000000000000000000003240000000000000000000000000000000000000000000000000000010000000000000          0004361846464900000000000000000000000000000000000000000032
1022542123500018830940000316741000000                         00000004997501000000DM 00000000000000000000 01090912190010200619                    100619000000000374075630940010912190000100000000000000000000000000000000000000000000000000000000000000000000000000003740000000000000000000000000000000000000000000000000000010000000000000          0003616071763400000000000000000000000000000000000000000033
1022542123500018830940000316741000000                         00000005298901000000DM 00000000000000000000 01090912190017950619                    100619000000000324075630940010912190000100000000000000000000000000000000000000000000000000000000000000000000000000003240000000000000000000000000000000000000000000000000000010000000000000          0000027258068600000000000000000000000000000000000000000034
1022542123500018830940000316741000000                         00000005793101000000DM 00000000000000000000 01090912190029270619                    100619000000000374075630940010912190000100000000000000000000000000000000000000000000000000000000000000000000000000003740000000000000000000000000000000000000000000000000000010000000000000          0001166686868000000000000000000000000000000000000000000035
1022542123500018830940000316741000000                         00000005556501000000DM 00000000000000000000 01060912190028151219                    101219000000000374010400970010912190000250000000000000000000000000000000000000000000000000000000000000000000000000003740000000000000000000000000000000000000000000000000000010000000000000          0001026372666500000000000000000000000000000000000000000036
1022542123500018830940000316741000000                         00000005622701000000DM 00000000000000000000 01090912190029060619                    100619000000000374075630940010912190000100000000000000000000000000000000000000000000000000000000000000000000000000003740000000000000000000000000000000000000000000000000000010000000000000          0007331229087200000000000000000000000000000000000000000037
1022542123500018830940000316741000000                         00000005694701000000DM 00000000000000000000 01090912190030680619                    100619000000000374075630940010912190000100000000000000000000000000000000000000000000000000000000000000000000000000003740000000000000000000000000000000000000000000000000000010000000000000          0000377887650300000000000000000000000000000000000000000038
1022542123500018830940000316741000000                         00000005418301000000DM 00000000000000000000 01090912190025190619                    100619000000000374075630940010912190000100000000000000000000000000000000000000000000000000000000000000000000000000003740000000000000000000000000000000000000000000000000000010000000000000          0008540006863400000000000000000000000000000000000000000039
9027563094SICOOB CREDIARA          R D BOSCO                                         Centro                        38183228Araxá                         MG101220190000003800000000113                                                                                                                                                                                                                    000040
