02RETORNO01COBRANÇA       30940000327964316741J REZENDE                     756 - BANCOOB S/A 2808190000342                                                                                                                                                                                                                                                                                               000001
1022542123500018830940000316741000000                         00000005348201000000DM 00000000000000000000 01061408190023040819                    100819000000000374010400970011408190000250000000000000000000000000000000000000000000000000000000000000000000000000003748000000000000800000000000000000000000000000000000000010000000000000          0004225353567200000000000000000000000000000000000000000002
1022542123500018830940000316741000000                         00000004939801000000DM 00000000000000000000 01061308190008470819                    100819000000000374023716910011308190000250000000000000000000000000000000000000000000000000000000000000000000000000003746000000000000600000000000000000000000000000000000000010000000000000          0000150671660100000000000000000000000000000000000000000003
1022542123500018830940000316741000000                         00000005576201000000DM 00000000000000000000 01061308190028810819                    100819000000000374010400970011308190000250000000000000000000000000000000000000000000000000000000000000000000000000003746000000000000600000000000000000000000000000000000000010000000000000          0002729612165300000000000000000000000000000000000000000004
1022542123500018830940000316741000000                         00000005672501000000DM 00000000000000000000 01061308190030140819                    100819000000000374010400970011308190000250000000000000000000000000000000000000000000000000000000000000000000000000003746000000000000600000000000000000000000000000000000000010000000000000          0000506908968400000000000000000000000000000000000000000005
1022542123500018830940000316741000000                         00000005113101000000DM 00000000000000000000 01091608190013890219                    150219000000000324075630940011608190000100000000000000000000000000000000000000000000000000000000000000000000000000003240000000000000000000000000000000000000000000000000000010000000000000          0000690262868800000000000000000000000000000000000000000006
9027563094SICOOB CREDIARA          R D BOSCO                                         Centro                        38183228Araxá                         MG280820190000000500000000113                                                                                                                                                                                                                    000007
