02RETORNO01COBRANÇA       30940000327964316741J REZENDE                     756 - BANCOOB S/A 2808190000343                                                                                                                                                                                                                                                                                               000001
1022542123500018830940000316741000000                         00000005390201000000DM 00000000000000000000 01092008190024540219                    200219000000000374075630940012008190000100000000000000000000000000000000000000000000000000000000000000000000000000003740000000000000000000000000000000000000000000000000000010000000000000          0000847276465600000000000000000000000000000000000000000002
1022542123500018830940000316741000000                         00000005858501000000DM 00000000000000000000 01061908191000110719                    100819000000001396010400970011908190000250000000000000000000000000000000000000000000000000000000000000000000000000013973000000000001300000000000000000000000000000000000000010000000000000          3874637600038400000000000000000000000000000000000000000003
9027563094SICOOB CREDIARA          R D BOSCO                                         Centro                        38183228Araxá                         MG280820190000000200000000113                                                                                                                                                                                                                    000004
