02RETORNO01COBRANÇA       30940000327964316741J REZENDE                     756 - BANCOOB S/A 1208190000340                                                                                                                                                                                                                                                                                               000001
1022542123500018830940000316741000000                         00000005492901000000DM 00000000000000000000 01060508190026740819                    100819000000000374023716910010508190000250000000000000000000000000000000000000000000000000000000000000000000000000003740000000000000000000000000000000000000000000000000000010000000000000          0000954360460600000000000000000000000000000000000000000002
1022542123500018830940000316741000000                         00000005011501000000DM 00000000000000000000 01060508190010210819                    100819000000000324010400970010508190000250000000000000000000000000000000000000000000000000000000000000000000000000003240000000000000000000000000000000000000000000000000000010000000000000          0007187518269100000000000000000000000000000000000000000003
1022542123500018830940000316741000000                         00000004697001000000DM 00000000000000000000 01060508190002470619                    100619000000000324010400970010508190000250000000000000000000000000000000000000000000000000000000000000000000000000003304000000000006400000000000000000000000000000000000000010000000000000          0000356167569700000000000000000000000000000000000000000004
1022542123500018830940000316741000000                         00000004698701000000DM 00000000000000000000 01060508190002470719                    100719000000000324010400970010508190000250000000000000000000000000000000000000000000000000000000000000000000000000003271000000000003100000000000000000000000000000000000000010000000000000          0000356167569700000000000000000000000000000000000000000005
1022542123500018830940000316741000000                         00000004807001000000DM 00000000000000000000 01060608190004530819                    100819000000000374010400970010608190000250000000000000000000000000000000000000000000000000000000000000000000000000003740000000000000000000000000000000000000000000000000000010000000000000          0000786278560600000000000000000000000000000000000000000006
1022542123500018830940000316741000000                         00000005023301000000DM 00000000000000000000 01060608190010460819                    100819000000000324010400970010608190000250000000000000000000000000000000000000000000000000000000000000000000000000003240000000000000000000000000000000000000000000000000000010000000000000          0000013014064300000000000000000000000000000000000000000007
1022542123500018830940000316741000000                         00000005035101000000DM 00000000000000000000 01060508190010620819                    100819000000000324010400970010508190000250000000000000000000000000000000000000000000000000000000000000000000000000003240000000000000000000000000000000000000000000000000000010000000000000          0000055756263500000000000000000000000000000000000000000008
1022542123500018830940000316741000000                         00000005107701000000DM 00000000000000000000 01060508190013270819                    100819000000000324010400970010508190000250000000000000000000000000000000000000000000000000000000000000000000000000003240000000000000000000000000000000000000000000000000000010000000000000          0005974586069700000000000000000000000000000000000000000009
1022542123500018830940000316741000000                         00000005588001000000DM 00000000000000000000 01060608190028820819                    100819000000000374010400970010608190000250000000000000000000000000000000000000000000000000000000000000000000000000003740000000000000000000000000000000000000000000000000000010000000000000          0002486093060600000000000000000000000000000000000000000010
1022542123500018830940000316741000000                         00000005227601000000DM 00000000000000000000 01060608190015980719                    100719000000000324010400970010608190000250000000000000000000000000000000000000000000000000000000000000000000000000003272000000000003200000000000000000000000000000000000000010000000000000          0007886934067800000000000000000000000000000000000000000011
1022542123500018830940000316741000000                         00000004783901000000DM 00000000000000000000 01060608190004350819                    100819000000000324010401420010608190000250000000000000000000000000000000000000000000000000000000000000000000000000003240000000000000000000000000000000000000000000000000000010000000000000          0001514063611500000000000000000000000000000000000000000012
1022542123500018830940000316741000000                         00000004675801000000DM 00000000000000000000 01060608190001140819                    100819000000000324010400970010608190000250000000000000000000000000000000000000000000000000000000000000000000000000003240000000000000000000000000000000000000000000000000000010000000000000          0004897155363400000000000000000000000000000000000000000013
1022542123500018830940000316741000000                         00000004795701000000DM 00000000000000000000 01060208190004370819                    100819000000000324010400970010208190000250000000000000000000000000000000000000000000000000000000000000000000000000003240000000000000000000000000000000000000000000000000000010000000000000          0001313854565300000000000000000000000000000000000000000014
1022542123500018830940000316741000000                         00000005432701000000DM 00000000000000000000 01060508190025270819                    100819000000000374010400970010508190000250000000000000000000000000000000000000000000000000000000000000000000000000003740000000000000000000000000000000000000000000000000000010000000000000          0000677178867900000000000000000000000000000000000000000015
1022542123500018830940000316741000000                         00000005168601000000DM 00000000000000000000 01060208190014580819                    100819000000000324010400970010208190000250000000000000000000000000000000000000000000000000000000000000000000000000003240000000000000000000000000000000000000000000000000000010000000000000          0002361630010000000000000000000000000000000000000000000016
1022542123500018830940000316741000000                         00000004831801000000DM 00000000000000000000 01060608190005190819                    100819000000000324010400970010608190000250000000000000000000000000000000000000000000000000000000000000000000000000003240000000000000000000000000000000000000000000000000000010000000000000          0007188477760000000000000000000000000000000000000000000017
9027563094SICOOB CREDIARA          R D BOSCO                                         Centro                        38183228Araxá                         MG120820190000001600000000113                                                                                                                                                                                                                    000018
