02RETORNO01COBRANÇA       30940000327964316741J REZENDE                     756 - BANCOOB S/A 1208190000341                                                                                                                                                                                                                                                                                               000001
1022542123500018830940000316741000000                         00000004927001000000DM 00000000000000000000 01060708190008410819                    100819000000000324010400970010708190000250000000000000000000000000000000000000000000000000000000000000000000000000003240000000000000000000000000000000000000000000000000000010000000000000          0004459589168700000000000000000000000000000000000000000002
1022542123500018830940000316741000000                         00000004999001000000DM 00000000000000000000 01060908190010200819                    100819000000000374010400970010908190000250000000000000000000000000000000000000000000000000000000000000000000000000003740000000000000000000000000000000000000000000000000000010000000000000          0003616071763400000000000000000000000000000000000000000003
1022542123500018830940000316741000000                         00000005564401000000DM 00000000000000000000 01060708190028160819                    100819000000000374010400970010708190000250000000000000000000000000000000000000000000000000000000000000000000000000003740000000000000000000000000000000000000000000000000000010000000000000          0008257197068200000000000000000000000000000000000000000004
1022542123500018830940000316741000000                         00000005728201000000DM 00000000000000000000 01060708190030690819                    100819000000000374075630940010708190000250000000000000000000000000000000000000000000000000000000000000000000000000003740000000000000000000000000000000000000000000000000000010000000000000          0006037461660400000000000000000000000000000000000000000005
1022542123500018830940000316741000000                         00000004975301000000DM 00000000000000000000 01060708190009530819                    100819000000000324003334670010708190000250000000000000000000000000000000000000000000000000000000000000000000000000003240000000000000000000000000000000000000000000000000000010000000000000          0004361846464900000000000000000000000000000000000000000006
1022542123500018830940000316741000000                         00000005059801000000DM 00000000000000000000 01060908190011030819                    100819000000000324023716910010908190000250000000000000000000000000000000000000000000000000000000000000000000000000003240000000000000000000000000000000000000000000000000000010000000000000          0008715135969100000000000000000000000000000000000000000007
1022542123500018830940000316741000000                         00000005204701000000DM 00000000000000000000 01060908190015230819                    100819000000000324010400970010908190000250000000000000000000000000000000000000000000000000000000000000000000000000003240000000000000000000000000000000000000000000000000000010000000000000          0003225778362000000000000000000000000000000000000000000008
1022542123500018830940000316741000000                         00000005252001000000DM 00000000000000000000 01060908190017220819                    100819000000000324010400970010908190000250000000000000000000000000000000000000000000000000000000000000000000000000003240000000000000000000000000000000000000000000000000000010000000000000          0000326379860000000000000000000000000000000000000000000009
1022542123500018830940000316741000000                         00000005468101000000DM 00000000000000000000 01060908190026650819                    100819000000000374034109440010908190000250000000000000000000000000000000000000000000000000000000000000000000000000003740000000000000000000000000000000000000000000000000000010000000000000          0000694769266000000000000000000000000000000000000000000010
1022542123500018830940000316741000000                         00000005552601000000DM 00000000000000000000 01060908190028150819                    100819000000000374010400970010908190000250000000000000000000000000000000000000000000000000000000000000000000000000003740000000000000000000000000000000000000000000000000000010000000000000          0001026372666500000000000000000000000000000000000000000011
1022542123500018830940000316741000000                         00000005360101000000DM 00000000000000000000 01060708190023390819                    100819000000000374010400970010708190000250000000000000000000000000000000000000000000000000000000000000000000000000003740000000000000000000000000000000000000000000000000000010000000000000          0003615945069700000000000000000000000000000000000000000012
1022542123500018830940000316741000000                         00000005240201000000DM 00000000000000000000 01060908190016360819                    100819000000000374010400970010908190000250000000000000000000000000000000000000000000000000000000000000000000000000003740000000000000000000000000000000000000000000000000000010000000000000          0004340692069100000000000000000000000000000000000000000013
1022542123500018830940000316741000000                         00000004663001000000DM 00000000000000000000 01060908190000410819                    100819000000000324010400970010908190000250000000000000000000000000000000000000000000000000000000000000000000000000003240000000000000000000000000000000000000000000000000000010000000000000          0000565324365500000000000000000000000000000000000000000014
1022542123500018830940000316741000000                         00000005648801000000DM 00000000000000000000 01060708190029700819                    100819000000000374010400970010708190000250000000000000000000000000000000000000000000000000000000000000000000000000003740000000000000000000000000000000000000000000000000000010000000000000          0000214486281800000000000000000000000000000000000000000015
1022542123500018830940000316741000000                         00000005862501000000DM 00000000000000000000 01060708191000250719                    100819000000000388010400970010708190000250000000000000000000000000000000000000000000000000000000000000000000000000003880000000000000000000000000000000000000000000000000000010000000000000          2604146700017300000000000000000000000000000000000000000016
1022542123500018830940000316741000000                         00000004771001000000DM 00000000000000000000 01060908190004270819                    100819000000000324010400970010908190000250000000000000000000000000000000000000000000000000000000000000000000000000003240000000000000000000000000000000000000000000000000000010000000000000          0000329979965700000000000000000000000000000000000000000017
1022542123500018830940000316741000000                         00000004963501000000DM 00000000000000000000 01060908190009010819                    100819000000000324010400970010908190000250000000000000000000000000000000000000000000000000000000000000000000000000003240000000000000000000000000000000000000000000000000000010000000000000          0009470166060400000000000000000000000000000000000000000018
1022542123500018830940000316741000000                         00000005180501000000DM 00000000000000000000 01060908190014700819                    100819000000000324010400970010908190000250000000000000000000000000000000000000000000000000000000000000000000000000003240000000000000000000000000000000000000000000000000000010000000000000          0008318973461500000000000000000000000000000000000000000019
1022542123500018830940000316741000000                         00000005612301000000DM 00000000000000000000 01060708190029010819                    100819000000000374010400970010708190000250000000000000000000000000000000000000000000000000000000000000000000000000003740000000000000000000000000000000000000000000000000000010000000000000          0002483652468700000000000000000000000000000000000000000020
1022542123500018830940000316741000000                         00000005684301000000DM 00000000000000000000 01060908190030330819                    100819000000000374010400970010908190000250000000000000000000000000000000000000000000000000000000000000000000000000003740000000000000000000000000000000000000000000000000000010000000000000          0008285259668700000000000000000000000000000000000000000021
9027563094SICOOB CREDIARA          R D BOSCO                                         Centro                        38183228Araxá                         MG120820190000002000000000113                                                                                                                                                                                                                    000022
