02RETORNO01COBRANÇA       30940000327964316741J REZENDE                     756 - BANCOOB S/A 2808190000344                                                                                                                                                                                                                                                                                               000001
1022542123500018830940000316741000000                         00000005071701000000DM 00000000000000000000 01062708190011060819                    100819000000000324034184810012708190000250000000000000000000000000000000000000000000000000000000000000000000000000003261000000000002100000000000000000000000000000000000000010000000000000          0000306014564400000000000000000000000000000000000000000002
1022542123500018830940000316741000000                         00000005070001000000DM 00000000000000000000 01062708190011060719                    100719000000000324034184810012708190000250000000000000000000000000000000000000000000000000000000000000000000000000003295000000000005500000000000000000000000000000000000000010000000000000          0000306014564400000000000000000000000000000000000000000003
1022542123500018830940000316741000000                         00000004688301000000DM 00000000000000000000 01062708190002360919                    100919000000000374010400970012708190000250000000000000000000000000000000000000000000000000000000000000000000000000003740000000000000000000000000000000000000000000000000000010000000000000          0000569370264200000000000000000000000000000000000000000004
9027563094SICOOB CREDIARA          R D BOSCO                                         Centro                        38183228Araxá                         MG280820190000000300000000113                                                                                                                                                                                                                    000005
