02RETORNO01COBRANÇA       30940000327964316741J REZENDE - ME                756 - BANCOOB S/A 1112170000187                                                                                                                                                                                                                                                                                               000001
1022542123500018830940000316741000000                         00000000734101000000DM 00000000000000000000 01090812170010200617                    100617000000000349075630940010812170000000000000000000000000000000000000000000000000000000000000000000000000000000003490000000000000000000000000000000000000000000000000000010000000000000          0003616071763400000000000000000000000000000000000000000002
1022542123500018830940000316741000000                         00000000800301000000DM 00000000000000000000 01060712170010921217                    101217000000000294010400970010712170000250000000000000000000000000000000000000000000000000000000000000000000000000002940000000000000000000000000000000000000000000000000000010000000000000          0007570230469100000000000000000000000000000000000000000003
1022542123500018830940000316741000000                         00000001526801000000DM 00000000000000000000 01090812170028530617                    100617000000000349075630940010812170000000000000000000000000000000000000000000000000000000000000000000000000000000003490000000000000000000000000000000000000000000000000000010000000000000          0007188229465300000000000000000000000000000000000000000004
1022542123500018830940000316741000000                         00000000167301000000DM 00000000000000000000 01090812170001140617                    100617000000000294075630940010812170000000000000000000000000000000000000000000000000000000000000000000000000000000002940000000000000000000000000000000000000000000000000000010000000000000          0004897155363400000000000000000000000000000000000000000005
1022542123500018830940000316741000000                         00000000131901000000DM 00000000000000000000 01090812170000600617                    100617000000000349075630940010812170000000000000000000000000000000000000000000000000000000000000000000000000000000003490000000000000000000000000000000000000000000000000000010000000000000          0005496202167200000000000000000000000000000000000000000006
1022542123500018830940000316741000000                         00000000251801000000DM 00000000000000000000 01090812170003720617                    100617000000000294075630940010812170000000000000000000000000000000000000000000000000000000000000000000000000000000002940000000000000000000000000000000000000000000000000000010000000000000          0000595338569200000000000000000000000000000000000000000007
1022542123500018830940000316741000000                         00000000346201000000DM 00000000000000000000 01090812170004600617                    100617000000000294075630940010812170000000000000000000000000000000000000000000000000000000000000000000000000000000002940000000000000000000000000000000000000000000000000000010000000000000          0004085395076800000000000000000000000000000000000000000008
1022542123500018830940000316741000000                         00000000632501000000DM 00000000000000000000 01060812170005191217                    101217000000000294010400970010812170000250000000000000000000000000000000000000000000000000000000000000000000000000002940000000000000000000000000000000000000000000000000000010000000000000          0007188477760000000000000000000000000000000000000000000009
1022542123500018830940000316741000000                         00000000686201000000DM 00000000000000000000 01090812170009500617                    100617000000000294075630940010812170000000000000000000000000000000000000000000000000000000000000000000000000000000002940000000000000000000000000000000000000000000000000000010000000000000          0002436214069700000000000000000000000000000000000000000010
1022542123500018830940000316741000000                         00000000878701000000DM 00000000000000000000 01090812170012100617                    100617000000000294075630940010812170000000000000000000000000000000000000000000000000000000000000000000000000000000002940000000000000000000000000000000000000000000000000000010000000000000          0007188717265300000000000000000000000000000000000000000011
1022542123500018830940000316741000000                         00000000239901000000DM 00000000000000000000 01090812170003300617                    100617000000000294075630940010812170000000000000000000000000000000000000000000000000000000000000000000000000000000002940000000000000000000000000000000000000000000000000000010000000000000          0000916024261200000000000000000000000000000000000000000012
1022542123500018830940000316741000000                         00000001370901000000DM 00000000000000000000 01090812170023040617                    100617000000000349075630940010812170000000000000000000000000000000000000000000000000000000000000000000000000000000003490000000000000000000000000000000000000000000000000000010000000000000          0004225353567200000000000000000000000000000000000000000013
1022542123500018830940000316741000000                         00000001172001000000DM 00000000000000000000 01060812170017341217                    101217000000000294010400970010812170000250000000000000000000000000000000000000000000000000000000000000000000000000002940000000000000000000000000000000000000000000000000000010000000000000          0006300667766800000000000000000000000000000000000000000014
1022542123500018830940000316741000000                         00000001901101000000DM 00000000000000000000 01090812170030380617                    100617000000000349075630940010812170000000000000000000000000000000000000000000000000000000000000000000000000000000003490000000000000000000000000000000000000000000000000000010000000000000          0000390944564000000000000000000000000000000000000000000015
1022542123500018830940000316741000000                         00000001997801000000DM 00000000000000000000 01090812170025920617                    100617000000000349075630940010812170000000000000000000000000000000000000000000000000000000000000000000000000000000003490000000000000000000000000000000000000000000000000000010000000000000          0009838358266800000000000000000000000000000000000000000016
1022542123500018830940000316741000000                         00000002447001000000DM 00000000000000000000 01090812170006720617                    100617000000000294075630940010812170000000000000000000000000000000000000000000000000000000000000000000000000000000002940000000000000000000000000000000000000000000000000000010000000000000          0001612675069100000000000000000000000000000000000000000017
1022542123500018830940000316741000000                         00000002501301000000DM 00000000000000000000 01060712170030421217                    101217000000000349010400970010712170000250000000000000000000000000000000000000000000000000000000000000000000000000003490000000000000000000000000000000000000000000000000000010000000000000          0001076302165200000000000000000000000000000000000000000018
1022542123500018830940000316741000000                         00000001309901000000DM 00000000000000000000 01090812170030210517                    100617000000000319075630940010812170000000000000000000000000000000000000000000000000000000000000000000000000000000003190000000000000000000000000000000000000000000000000000010000000000000          0000821220462600000000000000000000000000000000000000000019
1022542123500018830940000316741000000                         00000002111001000000DM 00000000000000000000 01060812170026711217                    101217000000000349010400970010812170000250000000000000000000000000000000000000000000000000000000000000000000000000003490000000000000000000000000000000000000000000000000000010000000000000          0005764341515300000000000000000000000000000000000000000020
1022542123500018830940000316741000000                         00000002297401000000DM 00000000000000000000 01090812170015250617                    100617000000000294075630940010812170000000000000000000000000000000000000000000000000000000000000000000000000000000002940000000000000000000000000000000000000000000000000000010000000000000          0000129208361100000000000000000000000000000000000000000021
1022542123500018830940000316741000000                         00000000450401000000DM 00000000000000000000 01060712170007201217                    101217000000000294034199260010712170000250000000000000000000000000000000000000000000000000000000000000000000000000002940000000000000000000000000000000000000000000000000000010000000000000          0003609756063000000000000000000000000000000000000000000022
1022542123500018830940000316741000000                         00000000504701000000DM 00000000000000000000 01090812170007930617                    100617000000000294075630940010812170000000000000000000000000000000000000000000000000000000000000000000000000000000002940000000000000000000000000000000000000000000000000000010000000000000          0005103575868700000000000000000000000000000000000000000023
1022542123500018830940000316741000000                         00000000854001000000DM 00000000000000000000 01090812170011610617                    100617000000000294075630940010812170000000000000000000000000000000000000000000000000000000000000000000000000000000002940000000000000000000000000000000000000000000000000000010000000000000          0004342743060000000000000000000000000000000000000000000024
1022542123500018830940000316741000000                         00000000908301000000DM 00000000000000000000 01060812170012281217                    101217000000000349075630940010812170000250000000000000000000000000000000000000000000000000000000000000000000000000003490000000000000000000000000000000000000000000000000000010000000000000          0000488266564600000000000000000000000000000000000000000025
1022542123500018830940000316741000000                         00000000926601000000DM 00000000000000000000 01090812170013270617                    100617000000000294075630940010812170000000000000000000000000000000000000000000000000000000000000000000000000000000002940000000000000000000000000000000000000000000000000000010000000000000          0005974586069700000000000000000000000000000000000000000026
1022542123500018830940000316741000000                         00000000998601000000DM 00000000000000000000 01090812170024540617                    100617000000000349075630940010812170000000000000000000000000000000000000000000000000000000000000000000000000000000003490000000000000000000000000000000000000000000000000000010000000000000          0000847276465600000000000000000000000000000000000000000027
1022542123500018830940000316741000000                         00000001454201000000DM 00000000000000000000 01090812170027700617                    100617000000000349075630940010812170000000000000000000000000000000000000000000000000000000000000000000000000000000003490000000000000000000000000000000000000000000000000000010000000000000          0000890660760100000000000000000000000000000000000000000028
1022542123500018830940000316741000000                         00000001514001000000DM 00000000000000000000 01090812170028310617                    100617000000000349075630940010812170000000000000000000000000000000000000000000000000000000000000000000000000000000003490000000000000000000000000000000000000000000000000000010000000000000          0000512998361000000000000000000000000000000000000000000029
1022542123500018830940000316741000000                         00000002397601000000DM 00000000000000000000 01090812170009990617                    100617000000000294075630940010812170000000000000000000000000000000000000000000000000000000000000000000000000000000002940000000000000000000000000000000000000000000000000000010000000000000          0007875360064900000000000000000000000000000000000000000030
1022542123500018830940000316741000000                         00000001574101000000DM 00000000000000000000 01090812170028940617                    100617000000000349075630940010812170000000000000000000000000000000000000000000000000000000000000000000000000000000003490000000000000000000000000000000000000000000000000000010000000000000          0007004592561500000000000000000000000000000000000000000031
1022542123500018830940000316741000000                         00000001592401000000DM 00000000000000000000 01060712170028971217                    101217000000000349010400970010712170000250000000000000000000000000000000000000000000000000000000000000000000000000003490000000000000000000000000000000000000000000000000000010000000000000          0005968516666800000000000000000000000000000000000000000032
1022542123500018830940000316741000000                         00000001640301000000DM 00000000000000000000 01060712170029221217                    101217000000000349000102100010712170000250000000000000000000000000000000000000000000000000000000000000000000000000003490000000000000000000000000000000000000000000000000000010000000000000          0005554795862000000000000000000000000000000000000000000033
1022542123500018830940000316741000000                         00000001646701000000DM 00000000000000000000 01090812170029260617                    100617000000000349075630940010812170000000000000000000000000000000000000000000000000000000000000000000000000000000003490000000000000000000000000000000000000000000000000000010000000000000          0001299792766800000000000000000000000000000000000000000034
1022542123500018830940000316741000000                         00000000203401000000DM 00000000000000000000 01090812170002560617                    100617000000000294075630940010812170000000000000000000000000000000000000000000000000000000000000000000000000000000002940000000000000000000000000000000000000000000000000000010000000000000          0000474784860600000000000000000000000000000000000000000035
1022542123500018830940000316741000000                         00000002093101000000DM 00000000000000000000 01090812170026650617                    100617000000000349075630940010812170000000000000000000000000000000000000000000000000000000000000000000000000000000003490000000000000000000000000000000000000000000000000000010000000000000          0000694769266000000000000000000000000000000000000000000036
1022542123500018830940000316741000000                         00000002099501000000DM 00000000000000000000 01060812170026651217                    101217000000000349034109440010812170000250000000000000000000000000000000000000000000000000000000000000000000000000003490000000000000000000000000000000000000000000000000000010000000000000          0000694769266000000000000000000000000000000000000000000037
1022542123500018830940000316741000000                         00000000341601000000DM 00000000000000000000 01060712170004531217                    101217000000000349010400970010712170000250000000000000000000000000000000000000000000000000000000000000000000000000003490000000000000000000000000000000000000000000000000000010000000000000          0005516708060600000000000000000000000000000000000000000038
1022542123500018830940000316741000000                         00000000420301000000DM 00000000000000000000 01090812170007010617                    100617000000000294075630940010812170000000000000000000000000000000000000000000000000000000000000000000000000000000002940000000000000000000000000000000000000000000000000000010000000000000          0006529267760400000000000000000000000000000000000000000039
1022542123500018830940000316741000000                         00000000492301000000DM 00000000000000000000 01090812170007690617                    100617000000000294075630940010812170000000000000000000000000000000000000000000000000000000000000000000000000000000002940000000000000000000000000000000000000000000000000000010000000000000          0000557136962000000000000000000000000000000000000000000040
1022542123500018830940000316741000000                         00000000704001000000DM 00000000000000000000 01060712170009531217                    101217000000000294034199260010712170000250000000000000000000000000000000000000000000000000000000000000000000000000002940000000000000000000000000000000000000000000000000000010000000000000          0004361846464900000000000000000000000000000000000000000041
1022542123500018830940000316741000000                         00000000794301000000DM 00000000000000000000 01090812170010920617                    100617000000000294075630940010812170000000000000000000000000000000000000000000000000000000000000000000000000000000002940000000000000000000000000000000000000000000000000000010000000000000          0007570230469100000000000000000000000000000000000000000042
1022542123500018830940000316741000000                         00000001568701000000DM 00000000000000000000 01060712170028891217                    101217000000000349010400970010712170000250000000000000000000000000000000000000000000000000000000000000000000000000003490000000000000000000000000000000000000000000000000000010000000000000          0000564891363000000000000000000000000000000000000000000043
1022542123500018830940000316741000000                         00000002009201000000DM 00000000000000000000 01090812170025930617                    100617000000000349075630940010812170000000000000000000000000000000000000000000000000000000000000000000000000000000003490000000000000000000000000000000000000000000000000000010000000000000          0008715200264900000000000000000000000000000000000000000044
1022542123500018830940000316741000000                         00000002033001000000DM 00000000000000000000 01090812170025960617                    100617000000000349075630940010812170000000000000000000000000000000000000000000000000000000000000000000000000000000003490000000000000000000000000000000000000000000000000000010000000000000          0009277829168700000000000000000000000000000000000000000045
1022542123500018830940000316741000000                         00000000968501000000DM 00000000000000000000 01060812170023971217                    101217000000000349010400970010812170000250000000000000000000000000000000000000000000000000000000000000000000000000003490000000000000000000000000000000000000000000000000000010000000000000          0007188737762000000000000000000000000000000000000000000046
1022542123500018830940000316741000000                         00000002349201000000DM 00000000000000000000 01090812170029790617                    100617000000000349075630940010812170000000000000000000000000000000000000000000000000000000000000000000000000000000003490000000000000000000000000000000000000000000000000000010000000000000          0000858497662000000000000000000000000000000000000000000047
1022542123500018830940000316741000000                         00000002385801000000DM 00000000000000000000 01090812170002360617                    100617000000000349075630940010812170000000000000000000000000000000000000000000000000000000000000000000000000000000003490000000000000000000000000000000000000000000000000000010000000000000          0000569370264200000000000000000000000000000000000000000048
1022542123500018830940000316741000000                         00000002373001000000DM 00000000000000000000 01090812170025310617                    100617000000000349075630940010812170000000000000000000000000000000000000000000000000000000000000000000000000000000003490000000000000000000000000000000000000000000000000000010000000000000          0000797618260900000000000000000000000000000000000000000049
1022542123500018830940000316741000000                         00000001297501000000DM 00000000000000000000 01090812170030200517                    100617000000000319075630940010812170000000000000000000000000000000000000000000000000000000000000000000000000000000003190000000000000000000000000000000000000000000000000000010000000000000          0000859660265800000000000000000000000000000000000000000050
1022542123500018830940000316741000000                         00000000184901000000DM 00000000000000000000 01060712170001521217                    101217000000000294010400970010712170000250000000000000000000000000000000000000000000000000000000000000000000000000002940000000000000000000000000000000000000000000000000000010000000000000          0000719132169500000000000000000000000000000000000000000051
1022542123500018830940000316741000000                         00000002309801000000DM 00000000000000000000 01090812170015560617                    100617000000000294075630940010812170000000000000000000000000000000000000000000000000000000000000000000000000000000002940000000000000000000000000000000000000000000000000000010000000000000          0006112200961500000000000000000000000000000000000000000052
1022542123500018830940000316741000000                         00000002321701000000DM 00000000000000000000 01090812170004270617                    100617000000000294075630940010812170000000000000000000000000000000000000000000000000000000000000000000000000000000002940000000000000000000000000000000000000000000000000000010000000000000          0000329979965700000000000000000000000000000000000000000053
1022542123500018830940000316741000000                         00000000227001000000DM 00000000000000000000 01090812170003210617                    100617000000000294075630940010812170000000000000000000000000000000000000000000000000000000000000000000000000000000002940000000000000000000000000000000000000000000000000000010000000000000          0001995483265300000000000000000000000000000000000000000054
1022542123500018830940000316741000000                         00000000311501000000DM 00000000000000000000 01090812170004230617                    100617000000000294075630940010812170000000000000000000000000000000000000000000000000000000000000000000000000000000002940000000000000000000000000000000000000000000000000000010000000000000          0005724833867200000000000000000000000000000000000000000055
1022542123500018830940000316741000000                         00000000516501000000DM 00000000000000000000 01090812170008390617                    100617000000000294075630940010812170000000000000000000000000000000000000000000000000000000000000000000000000000000002940000000000000000000000000000000000000000000000000000010000000000000          0004904386264900000000000000000000000000000000000000000056
1022542123500018830940000316741000000                         00000000896001000000DM 00000000000000000000 01060812170012201217                    101217000000000294010400970010812170000250000000000000000000000000000000000000000000000000000000000000000000000000002940000000000000000000000000000000000000000000000000000010000000000000          0005183755876000000000000000000000000000000000000000000057
1022542123500018830940000316741000000                         00000000938401000000DM 00000000000000000000 01090812170013510617                    100617000000000294075630940010812170000000000000000000000000000000000000000000000000000000000000000000000000000000002940000000000000000000000000000000000000000000000000000010000000000000          0009006468266800000000000000000000000000000000000000000058
1022542123500018830940000316741000000                         00000000950301000000DM 00000000000000000000 01090812170013890617                    100617000000000294075630940010812170000000000000000000000000000000000000000000000000000000000000000000000000000000002940000000000000000000000000000000000000000000000000000010000000000000          0000690262868800000000000000000000000000000000000000000059
1022542123500018830940000316741000000                         00000001010101000000DM 00000000000000000000 01090812170024730617                    100617000000000349075630940010812170000000000000000000000000000000000000000000000000000000000000000000000000000000003490000000000000000000000000000000000000000000000000000010000000000000          0001603579869100000000000000000000000000000000000000000060
1022542123500018830940000316741000000                         00000001022001000000DM 00000000000000000000 01090812170024790617                    100617000000000349075630940010812170000000000000000000000000000000000000000000000000000000000000000000000000000000003490000000000000000000000000000000000000000000000000000010000000000000          0000302933999800000000000000000000000000000000000000000061
1022542123500018830940000316741000000                         00000001670401000000DM 00000000000000000000 01090812170029630617                    100617000000000349075630940010812170000000000000000000000000000000000000000000000000000000000000000000000000000000003490000000000000000000000000000000000000000000000000000010000000000000          0000559499965500000000000000000000000000000000000000000062
1022542123500018830940000316741000000                         00000001676801000000DM 00000000000000000000 01060712170029631217                    101217000000000349010400970010712170000250000000000000000000000000000000000000000000000000000000000000000000000000003490000000000000000000000000000000000000000000000000000010000000000000          0000559499965500000000000000000000000000000000000000000063
1022542123500018830940000316741000000                         00000001034801000000DM 00000000000000000000 01090812170017830617                    100617000000000294075630940010812170000000000000000000000000000000000000000000000000000000000000000000000000000000002940000000000000000000000000000000000000000000000000000010000000000000          0007674540669100000000000000000000000000000000000000000064
1022542123500018830940000316741000000                         00000001742001000000DM 00000000000000000000 01090812170029780617                    100617000000000349075630940010812170000000000000000000000000000000000000000000000000000000000000000000000000000000003490000000000000000000000000000000000000000000000000000010000000000000          0000781177065200000000000000000000000000000000000000000065
1022542123500018830940000316741000000                         00000000566301000000DM 00000000000000000000 01090812170008470617                    100617000000000349075630940010812170000000000000000000000000000000000000000000000000000000000000000000000000000000003490000000000000000000000000000000000000000000000000000010000000000000          0000150671660100000000000000000000000000000000000000000066
1022542123500018830940000316741000000                         00000000962101000000DM 00000000000000000000 01090812170023970617                    100617000000000349075630940010812170000000000000000000000000000000000000000000000000000000000000000000000000000000003490000000000000000000000000000000000000000000000000000010000000000000          0007188737762000000000000000000000000000000000000000000067
1022542123500018830940000316741000000                         00000001112801000000DM 00000000000000000000 01060712170015981217                    101217000000000294010400970010712170000250000000000000000000000000000000000000000000000000000000000000000000000000002940000000000000000000000000000000000000000000000000000010000000000000          0007886934067800000000000000000000000000000000000000000068
1022542123500018830940000316741000000                         00000002409001000000DM 00000000000000000000 01090812170015600617                    100617000000000294075630940010812170000000000000000000000000000000000000000000000000000000000000000000000000000000002940000000000000000000000000000000000000000000000000000010000000000000          0000477735789900000000000000000000000000000000000000000069
1022542123500018830940000316741000000                         00000001046601000000DM 00000000000000000000 01090812170025830617                    100617000000000349075630940010812170000000000000000000000000000000000000000000000000000000000000000000000000000000003490000000000000000000000000000000000000000000000000000010000000000000          0001065186460700000000000000000000000000000000000000000070
1022542123500018830940000316741000000                         00000001100001000000DM 00000000000000000000 01060812170015841217                    101217000000000294010400970010812170000250000000000000000000000000000000000000000000000000000000000000000000000000002940000000000000000000000000000000000000000000000000000010000000000000          0006872201061000000000000000000000000000000000000000000071
1022542123500018830940000316741000000                         00000001610201000000DM 00000000000000000000 01090812170029020617                    100617000000000349075630940010812170000000000000000000000000000000000000000000000000000000000000000000000000000000003490000000000000000000000000000000000000000000000000000010000000000000          0001042612960100000000000000000000000000000000000000000072
1022542123500018830940000316741000000                         00000001682201000000DM 00000000000000000000 01090812170029680617                    100617000000000349075630940010812170000000000000000000000000000000000000000000000000000000000000000000000000000000003490000000000000000000000000000000000000000000000000000010000000000000          0000270724966100000000000000000000000000000000000000000073
1022542123500018830940000316741000000                         00000001754801000000DM 00000000000000000000 01090812170029810617                    100617000000000349075630940010812170000000000000000000000000000000000000000000000000000000000000000000000000000000003490000000000000000000000000000000000000000000000000000010000000000000          0000866105069300000000000000000000000000000000000000000074
1022542123500018830940000316741000000                         00000001802701000000DM 00000000000000000000 01090812170030290617                    100617000000000349075630940010812170000000000000000000000000000000000000000000000000000000000000000000000000000000003490000000000000000000000000000000000000000000000000000010000000000000          0001252081260500000000000000000000000000000000000000000075
1022542123500018830940000316741000000                         00000001925801000000DM 00000000000000000000 01090812170025200617                    100617000000000349075630940010812170000000000000000000000000000000000000000000000000000000000000000000000000000000003490000000000000000000000000000000000000000000000000000010000000000000          0003021597866800000000000000000000000000000000000000000076
1022542123500018830940000316741000000                         00000002459801000000DM 00000000000000000000 01090812170028170617                    100617000000000349075630940010812170000000000000000000000000000000000000000000000000000000000000000000000000000000003490000000000000000000000000000000000000000000000000000010000000000000          0006612029269100000000000000000000000000000000000000000077
1022542123500018830940000316741000000                         00000002471701000000DM 00000000000000000000 01090812170026730617                    100617000000000349075630940010812170000000000000000000000000000000000000000000000000000000000000000000000000000000003490000000000000000000000000000000000000000000000000000010000000000000          0000945536569300000000000000000000000000000000000000000078
1022542123500018830940000316741000000                         00000002507701000000DM 00000000000000000000 01090812170030430617                    100617000000000349075630940010812170000000000000000000000000000000000000000000000000000000000000000000000000000000003490000000000000000000000000000000000000000000000000000010000000000000          0000394635469600000000000000000000000000000000000000000079
1022542123500018830940000316741000000                         00000001266701000000DM 00000000000000000000 01090812170025540517                    100617000000000319075630940010812170000000000000000000000000000000000000000000000000000000000000000000000000000000003190000000000000000000000000000000000000000000000000000010000000000000          0006612599561500000000000000000000000000000000000000000080
1022542123500018830940000316741000000                         00000001040201000000DM 00000000000000000000 01060712170017831217                    101217000000000294075630940010712170000250000000000000000000000000000000000000000000000000000000000000000000000000002940000000000000000000000000000000000000000000000000000010000000000000          0007674540669100000000000000000000000000000000000000000081
1022542123500018830940000316741000000                         00000002532101000000DM 00000000000000000000 01090812170030450617                    100617000000000349075630940010812170000000000000000000000000000000000000000000000000000000000000000000000000000000003490000000000000000000000000000000000000000000000000000010000000000000          0000956345263100000000000000000000000000000000000000000082
1022542123500018830940000316741000000                         00000002063001000000DM 00000000000000000000 01060812170026061217                    101217000000000349010400970010812170000250000000000000000000000000000000000000000000000000000000000000000000000000003490000000000000000000000000000000000000000000000000000010000000000000          0004341197568700000000000000000000000000000000000000000083
1022542123500018830940000316741000000                         00000002069401000000DM 00000000000000000000 01090812170026580617                    100617000000000349075630940010812170000000000000000000000000000000000000000000000000000000000000000000000000000000003490000000000000000000000000000000000000000000000000000010000000000000          0003032597862000000000000000000000000000000000000000000084
1022542123500018830940000316741000000                         00000000764201000000DM 00000000000000000000 01060712170010461217                    101217000000000294010400970010712170000250000000000000000000000000000000000000000000000000000000000000000000000000002940000000000000000000000000000000000000000000000000000010000000000000          0000013014064300000000000000000000000000000000000000000085
1022542123500018830940000316741000000                         00000000782501000000DM 00000000000000000000 01090812170010740617                    100617000000000349075630940010812170000000000000000000000000000000000000000000000000000000000000000000000000000000003490000000000000000000000000000000000000000000000000000010000000000000          0008537504769100000000000000000000000000000000000000000086
1022542123500018830940000316741000000                         00000001418701000000DM 00000000000000000000 01090812170023620617                    100617000000000294075630940010812170000000000000000000000000000000000000000000000000000000000000000000000000000000002940000000000000000000000000000000000000000000000000000010000000000000          0009217048054400000000000000000000000000000000000000000087
1022542123500018830940000316741000000                         00000001430601000000DM 00000000000000000000 01090812170023870617                    100617000000000349075630940010812170000000000000000000000000000000000000000000000000000000000000000000000000000000003490000000000000000000000000000000000000000000000000000010000000000000          0009654065665300000000000000000000000000000000000000000088
1022542123500018830940000316741000000                         00000001556901000000DM 00000000000000000000 01060712170028821217                    101217000000000349010400970010712170000250000000000000000000000000000000000000000000000000000000000000000000000000003490000000000000000000000000000000000000000000000000000010000000000000          0002486093060600000000000000000000000000000000000000000089
1022542123500018830940000316741000000                         00000000119001000000DM 00000000000000000000 01090812170000480617                    100617000000000294075630940010812170000000000000000000000000000000000000000000000000000000000000000000000000000000002940000000000000000000000000000000000000000000000000000010000000000000          0005239992363400000000000000000000000000000000000000000090
1022542123500018830940000316741000000                         00000000396001000000DM 00000000000000000000 01090812170006510617                    100617000000000294075630940010812170000000000000000000000000000000000000000000000000000000000000000000000000000000002940000000000000000000000000000000000000000000000000000010000000000000          0006345744697000000000000000000000000000000000000000000091
1022542123500018830940000316741000000                         00000002337401000000DM 00000000000000000000 01090812170011100617                    100617000000000294075630940010812170000000000000000000000000000000000000000000000000000000000000000000000000000000002940000000000000000000000000000000000000000000000000000010000000000000          0005856618068200000000000000000000000000000000000000000092
1022542123500018830940000316741000000                         00000001346101000000DM 00000000000000000000 01090812170022730617                    100617000000000349075630940010812170000000000000000000000000000000000000000000000000000000000000000000000000000000003490000000000000000000000000000000000000000000000000000010000000000000          0008144163060000000000000000000000000000000000000000000093
1022542123500018830940000316741000000                         00000001358001000000DM 00000000000000000000 01090812170022820617                    100617000000000294075630940010812170000000000000000000000000000000000000000000000000000000000000000000000000000000002940000000000000000000000000000000000000000000000000000010000000000000          0007188059365300000000000000000000000000000000000000000094
1022542123500018830940000316741000000                         00000001865001000000DM 00000000000000000000 01090812170030350617                    100617000000000349075630940010812170000000000000000000000000000000000000000000000000000000000000000000000000000000003490000000000000000000000000000000000000000000000000000010000000000000          0001014402069600000000000000000000000000000000000000000095
1022542123500018830940000316741000000                         00000002153901000000DM 00000000000000000000 01090812170026890617                    100617000000000349075630940010812170000000000000000000000000000000000000000000000000000000000000000000000000000000003490000000000000000000000000000000000000000000000000000010000000000000          0000027534863600000000000000000000000000000000000000000096
1022542123500018830940000316741000000                         00000002434401000000DM 00000000000000000000 01090812170026590617                    100617000000000349075630940010812170000000000000000000000000000000000000000000000000000000000000000000000000000000003490000000000000000000000000000000000000000000000000000010000000000000          0001014914566700000000000000000000000000000000000000000097
1022542123500018830940000316741000000                         00000000468601000000DM 00000000000000000000 01090812170007400617                    100617000000000294075630940010812170000000000000000000000000000000000000000000000000000000000000000000000000000000002940000000000000000000000000000000000000000000000000000010000000000000          0005051206417200000000000000000000000000000000000000000098
1022542123500018830940000316741000000                         00000001226201000000DM 00000000000000000000 01090812170022630617                    100617000000000294075630940010812170000000000000000000000000000000000000000000000000000000000000000000000000000000002940000000000000000000000000000000000000000000000000000010000000000000          0002485828563400000000000000000000000000000000000000000099
1022542123500018830940000316741000000                         00000000542701000000DM 00000000000000000000 01090812170001540617                    100617000000000294075630940010812170000000000000000000000000000000000000000000000000000000000000000000000000000000002940000000000000000000000000000000000000000000000000000010000000000000          0008246321269100000000000000000000000000000000000000000100
1022542123500018830940000316741000000                         00000000578101000000DM 00000000000000000000 01090812170008690617                    100617000000000294075630940010812170000000000000000000000000000000000000000000000000000000000000000000000000000000002940000000000000000000000000000000000000000000000000000010000000000000          0000027442861000000000000000000000000000000000000000000101
1022542123500018830940000316741000000                         00000000680901000000DM 00000000000000000000 01060812170009451217                    101217000000000294010400970010812170000250000000000000000000000000000000000000000000000000000000000000000000000000002940000000000000000000000000000000000000000000000000000010000000000000          0009277825960000000000000000000000000000000000000000000102
1022542123500018830940000316741000000                         00000001070301000000DM 00000000000000000000 01090812170015680617                    100617000000000294075630940010812170000000000000000000000000000000000000000000000000000000000000000000000000000000002940000000000000000000000000000000000000000000000000000010000000000000          0009028457763400000000000000000000000000000000000000000103
1022542123500018830940000316741000000                         00000001178301000000DM 00000000000000000000 01090812170017410617                    100617000000000294075630940010812170000000000000000000000000000000000000000000000000000000000000000000000000000000002940000000000000000000000000000000000000000000000000000010000000000000          0000580980162500000000000000000000000000000000000000000104
1022542123500018830940000316741000000                         00000001190201000000DM 00000000000000000000 01090812170017670617                    100617000000000294075630940010812170000000000000000000000000000000000000000000000000000000000000000000000000000000002940000000000000000000000000000000000000000000000000000010000000000000          0000314784764000000000000000000000000000000000000000000105
1022542123500018830940000316741000000                         00000001766601000000DM 00000000000000000000 01090812170030110617                    100617000000000349075630940010812170000000000000000000000000000000000000000000000000000000000000000000000000000000003490000000000000000000000000000000000000000000000000000010000000000000          0001104048469700000000000000000000000000000000000000000106
1022542123500018830940000316741000000                         00000001889701000000DM 00000000000000000000 01090812170030360617                    100617000000000349075630940010812170000000000000000000000000000000000000000000000000000000000000000000000000000000003490000000000000000000000000000000000000000000000000000010000000000000          0003618392060600000000000000000000000000000000000000000107
1022542123500018830940000316741000000                         00000001937601000000DM 00000000000000000000 01090812170025420617                    100617000000000349075630940010812170000000000000000000000000000000000000000000000000000000000000000000000000000000003490000000000000000000000000000000000000000000000000000010000000000000          0002891803760000000000000000000000000000000000000000000108
1022542123500018830940000316741000000                         00000002483501000000DM 00000000000000000000 01090812170029720617                    100617000000000319075630940010812170000000000000000000000000000000000000000000000000000000000000000000000000000000003190000000000000000000000000000000000000000000000000000010000000000000          0001294552163600000000000000000000000000000000000000000109
1022542123500018830940000316741000000                         00000001272101000000DM 00000000000000000000 01060712170025541117                    101217000000000319003334670010712170000250000000000000000000000000000000000000000000000000000000000000000000000000003190000000000000000000000000000000000000000000000000000010000000000000          0006612599561500000000000000000000000000000000000000000110
1022542123500018830940000316741000000                         00000002565401000000DM 00000000000000000000 01090812170029490617                    100617000000000349075630940010812170000000000000000000000000000000000000000000000000000000000000000000000000000000003490000000000000000000000000000000000000000000000000000010000000000000          0007246053964900000000000000000000000000000000000000000111
1022542123500018830940000316741000000                         00000000173801000000DM 00000000000000000000 01060712170001141217                    101217000000000294034199260010712170000250000000000000000000000000000000000000000000000000000000000000000000000000002940000000000000000000000000000000000000000000000000000010000000000000          0004897155363400000000000000000000000000000000000000000112
1022542123500018830940000316741000000                         00000000722301000000DM 00000000000000000000 01090812170010140617                    100617000000000349075630940010812170000000000000000000000000000000000000000000000000000000000000000000000000000000003490000000000000000000000000000000000000000000000000000010000000000000          0005764752663400000000000000000000000000000000000000000113
1022542123500018830940000316741000000                         00000001790301000000DM 00000000000000000000 01090812170030180617                    100617000000000349075630940010812170000000000000000000000000000000000000000000000000000000000000000000000000000000003490000000000000000000000000000000000000000000000000000010000000000000          0000706059360800000000000000000000000000000000000000000114
1022542123500018830940000316741000000                         00000001130001000000DM 00000000000000000000 01090812170016380617                    100617000000000294075630940010812170000000000000000000000000000000000000000000000000000000000000000000000000000000002940000000000000000000000000000000000000000000000000000010000000000000          0004897108160000000000000000000000000000000000000000000115
1022542123500018830940000316741000000                         00000001394501000000DM 00000000000000000000 01090812170023330617                    100617000000000349075630940010812170000000000000000000000000000000000000000000000000000000000000000000000000000000003490000000000000000000000000000000000000000000000000000010000000000000          0005961869865300000000000000000000000000000000000000000116
1022542123500018830940000316741000000                         00000001700001000000DM 00000000000000000000 01060712170029701217                    101217000000000349010400970010712170000250000000000000000000000000000000000000000000000000000000000000000000000000003490000000000000000000000000000000000000000000000000000010000000000000          0000214486281800000000000000000000000000000000000000000117
1022542123500018830940000316741000000                         00000001829501000000DM 00000000000000000000 01090812170030400617                    100617000000000349075630940010812170000000000000000000000000000000000000000000000000000000000000000000000000000000003490000000000000000000000000000000000000000000000000000010000000000000          0009240028064900000000000000000000000000000000000000000118
9027563094SICOOB CREDIARA          RUA MARIA RITA DE AGUIAR                          CENTRO                        38183236ARAXÁ                         MG111220170000011700000000113                                                                                                                                                                                                                    000119
