02RETORNO01COBRANÇA       30940000327964316741J REZENDE - ME                756 - BANCOOB S/A 0612170000184                                                                                                                                                                                                                                                                                               000001
1022542123500018830940000316741000000                         00000001783101000000DM 00000000000000000000 01062711170030141117                    261117000000000349010400970012711170000250000000000000000000000000000000000000000000000000000000000000000000000000003490000000000000000000000000000000000000000000000000000010000000000000          0000506908968400000000000000000000000000000000000000000002
1022542123500018830940000316741000000                         00000001088501000000DM 00000000000000000000 01063011170015741217                    101217000000000294010400970013011170000250000000000000000000000000000000000000000000000000000000000000000000000000002940000000000000000000000000000000000000000000000000000010000000000000          0003615826760000000000000000000000000000000000000000000003
1022542123500018830940000316741000000                         00000002291001000000DM 00000000000000000000 01062911170015231217                    101217000000000294010400970012911170000250000000000000000000000000000000000000000000000000000000000000000000000000002940000000000000000000000000000000000000000000000000000010000000000000          0003225778362000000000000000000000000000000000000000000004
9027563094SICOOB CREDIARA          RUA MARIA RITA DE AGUIAR                          CENTRO                        38183236ARAXÁ                         MG061220170000000300000000113                                                                                                                                                                                                                    000005
