02RETORNO01COBRANÇA       30940000327964316741J REZENDE - ME                756 - BANCOOB S/A 1212170000188                                                                                                                                                                                                                                                                                               000001
1022542123500018830940000316741000000                         00000001244501000000DM 00000000000000000000 01061112170022661217                    101217000000000349010400970011112170000250000000000000000000000000000000000000000000000000000000000000000000000000003490000000000000000000000000000000000000000000000000000010000000000000          0004170441060600000000000000000000000000000000000000000002
1022542123500018830940000316741000000                         00000001124601000000DM 00000000000000000000 01061112170016361217                    101217000000000349010400970011112170000250000000000000000000000000000000000000000000000000000000000000000000000000003490000000000000000000000000000000000000000000000000000010000000000000          0004340692069100000000000000000000000000000000000000000003
1022542123500018830940000316741000000                         00000001811301000000DM 00000000000000000000 01061112170030291217                    101217000000000349010400970011112170000250000000000000000000000000000000000000000000000000000000000000000000000000003490000000000000000000000000000000000000000000000000000010000000000000          0001252081260500000000000000000000000000000000000000000004
1022542123500018830940000316741000000                         00000001496101000000DM 00000000000000000000 01061112170028151201                    101217000000000349010400970011112170000250000000000000000000000000000000000000000000000000000000000000000000000000003490000000000000000000000000000000000000000000000000000010000000000000          0001026372666500000000000000000000000000000000000000000005
1022542123500018830940000316741000000                         00000002231901000000DM 00000000000000000000 01061112170014431217                    101217000000000294010400970011112170000250000000000000000000000000000000000000000000000000000000000000000000000000002940000000000000000000000000000000000000000000000000000010000000000000          0000696140365400000000000000000000000000000000000000000006
1022542123500018830940000316741000000                         00000000209801000000DM 00000000000000000000 01061112170002561217                    101217000000000294034109440011112170000250000000000000000000000000000000000000000000000000000000000000000000000000002940000000000000000000000000000000000000000000000000000010000000000000          0000474784860600000000000000000000000000000000000000000007
1022542123500018830940000316741000000                         00000000668001000000DM 00000000000000000000 01061112170006481217                    101217000000000349010400970011112170000250000000000000000000000000000000000000000000000000000000000000000000000000003490000000000000000000000000000000000000000000000000000010000000000000          0001612677762000000000000000000000000000000000000000000008
1022542123500018830940000316741000000                         00000000848601000000DM 00000000000000000000 01061112170011391217                    101217000000000294010400970011112170000250000000000000000000000000000000000000000000000000000000000000000000000000002940000000000000000000000000000000000000000000000000000010000000000000          0009651106069100000000000000000000000000000000000000000009
1022542123500018830940000316741000000                         00000002367501000000DM 00000000000000000000 01061112170027501217                    101217000000000349010400970011112170000250000000000000000000000000000000000000000000000000000000000000000000000000003490000000000000000000000000000000000000000000000000000010000000000000          0000282899960200000000000000000000000000000000000000000010
1022542123500018830940000316741000000                         00000001291101000000DM 00000000000000000000 01061112170030191117                    101217000000000319034199260011112170000250000000000000000000000000000000000000000000000000000000000000000000000000003190000000000000000000000000000000000000000000000000000010000000000000          0000766983862000000000000000000000000000000000000000000011
1022542123500018830940000316741000000                         00000000608801000000DM 00000000000000000000 01061112170009011217                    101217000000000294010400970011112170000250000000000000000000000000000000000000000000000000000000000000000000000000002940000000000000000000000000000000000000000000000000000010000000000000          0009470166060400000000000000000000000000000000000000000012
1022542123500018830940000316741000000                         00000000390701000000DM 00000000000000000000 01061112170004731217                    101217000000000294010400970011112170000250000000000000000000000000000000000000000000000000000000000000000000000000002940000000000000000000000000000000000000000000000000000010000000000000          0004063987868700000000000000000000000000000000000000000013
1022542123500018830940000316741000000                         00000000536201000000DM 00000000000000000000 01061112170004161217                    101217000000000294034109440011112170000250000000000000000000000000000000000000000000000000000000000000000000000000002940000000000000000000000000000000000000000000000000000010000000000000          0009147587261500000000000000000000000000000000000000000014
1022542123500018830940000316741000000                         00000001859601000000DM 00000000000000000000 01061112170030331217                    101217000000000349010400970011112170000250000000000000000000000000000000000000000000000000000000000000000000000000003490000000000000000000000000000000000000000000000000000010000000000000          0008285259668700000000000000000000000000000000000000000015
1022542123500018830940000316741000000                         00000000149001000000DM 00000000000000000000 01061112170000411217                    101217000000000294010400970011112170000250000000000000000000000000000000000000000000000000000000000000000000000000002940000000000000000000000000000000000000000000000000000010000000000000          0000565324365500000000000000000000000000000000000000000016
1022542123500018830940000316741000000                         00000002243701000000DM 00000000000000000000 01061112170014481217                    101217000000000294010400970011112170000250000000000000000000000000000000000000000000000000000000000000000000000000002940000000000000000000000000000000000000000000000000000010000000000000          0005227926069700000000000000000000000000000000000000000017
1022542123500018830940000316741000000                         00000000920201000000DM 00000000000000000000 01061112170012341217                    101217000000000294075630940011112170000250000000000000000000000000000000000000000000000000000000000000000000000000002940000000000000000000000000000000000000000000000000000010000000000000          0008461066260400000000000000000000000000000000000000000018
1022542123500018830940000316741000000                         00000003418501000000DM 00000000000000000000 01061112170015610118                    100118000000000324010400970011112170000250000000000000000000000000000000000000000000000000000000000000000000000000003240000000000000000000000000000000000000000000000000000010000000000000          0000512874565100000000000000000000000000000000000000000019
9027563094SICOOB CREDIARA          RUA MARIA RITA DE AGUIAR                          CENTRO                        38183236ARAXÁ                         MG121220170000001800000000113                                                                                                                                                                                                                    000020
