02RETORNO01COBRANÇA       30940000327964316741J REZENDE - ME                756 - BANCOOB S/A 2612170000190                                                                                                                                                                                                                                                                                               000001
1022542123500018830940000316741000000                         00000000823201000000DM 00000000000000000000 01061812170011061117                    101117000000000294034184810011812170000250000000000000000000000000000000000000000000000000000000000000000000000000002945000000000000500000000000000000000000000000000000000010000000000000          0000306014564400000000000000000000000000000000000000000002
1022542123500018830940000316741000000                         00000000824001000000DM 00000000000000000000 01061812170011061217                    101217000000000294034184810011812170000250000000000000000000000000000000000000000000000000000000000000000000000000002942000000000000200000000000000000000000000000000000000010000000000000          0000306014564400000000000000000000000000000000000000000003
1022542123500018830940000316741000000                         00000002649801000000DM 00000000000000000000 01061412170029061217                    101217000000000349075630940011412170000250000000000000000000000000000000000000000000000000000000000000000000000000003842000000000035200000000000000000000000000000000000000010000000000000          0007331229087200000000000000000000000000000000000000000004
9027563094SICOOB CREDIARA          RUA MARIA RITA DE AGUIAR                          CENTRO                        38183236ARAXÁ                         MG261220170000000300000000113                                                                                                                                                                                                                    000005
