02RETORNO01COBRANÇA       30940000327964316741J REZENDE - ME                756 - BANCOOB S/A 0712170000186                                                                                                                                                                                                                                                                                               000001
1022542123500018830940000316741000000                         00000000560001000000DM 00000000000000000000 01060612170008411217                    101217000000000294010400970010612170000250000000000000000000000000000000000000000000000000000000000000000000000000002940000000000000000000000000000000000000000000000000000010000000000000          0004459589168700000000000000000000000000000000000000000002
1022542123500018830940000316741000000                         00000002195801000000DM 00000000000000000000 01060612170027131217                    101217000000000349010400970010612170000250000000000000000000000000000000000000000000000000000000000000000000000000003490000000000000000000000000000000000000000000000000000010000000000000          0009652261564900000000000000000000000000000000000000000003
1022542123500018830940000316741000000                         00000000992201000000DM 00000000000000000000 01060612170024531217                    101217000000000349010400970010612170000250000000000000000000000000000000000000000000000000000000000000000000000000003490000000000000000000000000000000000000000000000000000010000000000000          0003607094764900000000000000000000000000000000000000000004
1022542123500018830940000316741000000                         00000001544001000000DM 00000000000000000000 01060612170028811217                    101217000000000349034199260010612170000250000000000000000000000000000000000000000000000000000000000000000000000000003490000000000000000000000000000000000000000000000000000010000000000000          0002729612165300000000000000000000000000000000000000000005
1022542123500018830940000316741000000                         00000002267301000000DM 00000000000000000000 01060612170014701217                    101217000000000294010400970010612170000250000000000000000000000000000000000000000000000000000000000000000000000000002940000000000000000000000000000000000000000000000000000010000000000000          0008318973461500000000000000000000000000000000000000000006
1022542123500018830940000316741000000                         00000000305001000000DM 00000000000000000000 01060612170004221217                    101217000000000294010400970010612170000250000000000000000000000000000000000000000000000000000000000000000000000000002940000000000000000000000000000000000000000000000000000010000000000000          0007415855469100000000000000000000000000000000000000000007
1022542123500018830940000316741000000                         00000001919301000000DM 00000000000000000000 01060612170025191217                    101217000000000349010407080010612170000250000000000000000000000000000000000000000000000000000000000000000000000000003490000000000000000000000000000000000000000000000000000010000000000000          0008540006863400000000000000000000000000000000000000000008
1022542123500018830940000316741000000                         00000002255501000000DM 00000000000000000000 01060612170014581217                    101217000000000294010400970010612170000250000000000000000000000000000000000000000000000000000000000000000000000000002940000000000000000000000000000000000000000000000000000010000000000000          0002361630010000000000000000000000000000000000000000000009
1022542123500018830940000316741000000                         00000001208001000000DM 00000000000000000000 01060612170017751217                    101217000000000294010400970010612170000250000000000000000000000000000000000000000000000000000000000000000000000000002940000000000000000000000000000000000000000000000000000010000000000000          0002729843469100000000000000000000000000000000000000000010
9027563094SICOOB CREDIARA          RUA MARIA RITA DE AGUIAR                          CENTRO                        38183236ARAXÁ                         MG071220170000000900000000113                                                                                                                                                                                                                    000011
