02RETORNO01COBRANÇA       30940000327964316741J REZENDE - ME                756 - BANCOOB S/A 0612170000183                                                                                                                                                                                                                                                                                               000001
1022542123500018830940000316741000000                         00000002051201000000DM 00000000000000000000 01062011170026051217                    101217000000000349075630940012011170000250000000000000000000000000000000000000000000000000000000000000000000000000003490000000000000000000000000000000000000000000000000000010000000000000          0000258153466400000000000000000000000000000000000000000002
1022542123500018830940000316741000000                         00000002050501000000DM 00000000000000000000 01062011170026051117                    101117000000000349075630940012011170000250000000000000000000000000000000000000000000000000000000000000000000000000003910000000000042000000000000000000000000000000000000000010000000000000          0000258153466400000000000000000000000000000000000000000003
9027563094SICOOB CREDIARA          RUA MARIA RITA DE AGUIAR                          CENTRO                        38183236ARAXÁ                         MG061220170000000200000000113                                                                                                                                                                                                                    000004
