02RETORNO01COBRANÇA       30940000327964316741J REZENDE - ME                756 - BANCOOB S/A 1312170000189                                                                                                                                                                                                                                                                                               000001
1022542123500018830940000316741000000                         00000003061501000000DM 00000000000000000000 01101212170017950418                    100418000000000294075630940011212170000100000000000000000000000000000000000000000000000000000000000000000000000000002940000000000000000000000000000000000000000000000000000010000000000000          0000027258068600000000000000000000000000000000000000000002
1022542123500018830940000316741000000                         00000003064701000000DM 00000000000000000000 01101212170017950718                    100718000000000294075630940011212170000100000000000000000000000000000000000000000000000000000000000000000000000000002940000000000000000000000000000000000000000000000000000010000000000000          0000027258068600000000000000000000000000000000000000000003
1022542123500018830940000316741000000                         00000003067901000000DM 00000000000000000000 01101212170017951018                    101018000000000294075630940011212170000100000000000000000000000000000000000000000000000000000000000000000000000000002940000000000000000000000000000000000000000000000000000010000000000000          0000027258068600000000000000000000000000000000000000000004
1022542123500018830940000316741000000                         00000004174101000000DM 00000000000000000000 01101212170009990918                    100918000000000324075630940011212170000100000000000000000000000000000000000000000000000000000000000000000000000000003240000000000000000000000000000000000000000000000000000010000000000000          0007875360064900000000000000000000000000000000000000000005
1022542123500018830940000316741000000                         00000004177301000000DM 00000000000000000000 01101212170009991218                    101218000000000324075630940011212170000100000000000000000000000000000000000000000000000000000000000000000000000000003240000000000000000000000000000000000000000000000000000010000000000000          0007875360064900000000000000000000000000000000000000000006
1022542123500018830940000316741000000                         00000003060801000000DM 00000000000000000000 01101212170017950318                    100318000000000294075630940011212170000100000000000000000000000000000000000000000000000000000000000000000000000000002940000000000000000000000000000000000000000000000000000010000000000000          0000027258068600000000000000000000000000000000000000000007
1022542123500018830940000316741000000                         00000004168701000000DM 00000000000000000000 01101212170009990318                    100318000000000324075630940011212170000100000000000000000000000000000000000000000000000000000000000000000000000000003240000000000000000000000000000000000000000000000000000010000000000000          0007875360064900000000000000000000000000000000000000000008
1022542123500018830940000316741000000                         00000004171001000000DM 00000000000000000000 01101212170009990618                    100618000000000324075630940011212170000100000000000000000000000000000000000000000000000000000000000000000000000000003240000000000000000000000000000000000000000000000000000010000000000000          0007875360064900000000000000000000000000000000000000000009
1022542123500018830940000316741000000                         00000000656101000000DM 00000000000000000000 01061212170005931217                    101217000000000294075630940011212170000250000000000000000000000000000000000000000000000000000000000000000000000000003236000000000029600000000000000000000000000000000000000010000000000000          0003023575860400000000000000000000000000000000000000000010
1022542123500018830940000316741000000                         00000003058201000000DM 00000000000000000000 01101212170017950118                    100118000000000294075630940011212170000100000000000000000000000000000000000000000000000000000000000000000000000000002940000000000000000000000000000000000000000000000000000010000000000000          0000027258068600000000000000000000000000000000000000000011
1022542123500018830940000316741000000                         00000004175901000000DM 00000000000000000000 01101212170009991018                    101018000000000324075630940011212170000100000000000000000000000000000000000000000000000000000000000000000000000000003240000000000000000000000000000000000000000000000000000010000000000000          0007875360064900000000000000000000000000000000000000000012
1022542123500018830940000316741000000                         00000004170201000000DM 00000000000000000000 01101212170009990518                    100518000000000324075630940011212170000100000000000000000000000000000000000000000000000000000000000000000000000000003240000000000000000000000000000000000000000000000000000010000000000000          0007875360064900000000000000000000000000000000000000000013
1022542123500018830940000316741000000                         00000004173401000000DM 00000000000000000000 01101212170009990818                    100818000000000324075630940011212170000100000000000000000000000000000000000000000000000000000000000000000000000000003240000000000000000000000000000000000000000000000000000010000000000000          0007875360064900000000000000000000000000000000000000000014
1022542123500018830940000316741000000                         00000004176601000000DM 00000000000000000000 01101212170009991118                    101118000000000324075630940011212170000100000000000000000000000000000000000000000000000000000000000000000000000000003240000000000000000000000000000000000000000000000000000010000000000000          0007875360064900000000000000000000000000000000000000000015
1022542123500018830940000316741000000                         00000003059001000000DM 00000000000000000000 01101212170017950218                    100218000000000294075630940011212170000100000000000000000000000000000000000000000000000000000000000000000000000000002940000000000000000000000000000000000000000000000000000010000000000000          0000027258068600000000000000000000000000000000000000000016
1022542123500018830940000316741000000                         00000003062201000000DM 00000000000000000000 01101212170017950518                    100518000000000294075630940011212170000100000000000000000000000000000000000000000000000000000000000000000000000000002940000000000000000000000000000000000000000000000000000010000000000000          0000027258068600000000000000000000000000000000000000000017
1022542123500018830940000316741000000                         00000003065401000000DM 00000000000000000000 01101212170017950818                    100818000000000294075630940011212170000100000000000000000000000000000000000000000000000000000000000000000000000000002940000000000000000000000000000000000000000000000000000010000000000000          0000027258068600000000000000000000000000000000000000000018
1022542123500018830940000316741000000                         00000003068601000000DM 00000000000000000000 01101212170017951118                    101118000000000294075630940011212170000100000000000000000000000000000000000000000000000000000000000000000000000000002940000000000000000000000000000000000000000000000000000010000000000000          0000027258068600000000000000000000000000000000000000000019
1022542123500018830940000316741000000                         00000004167001000000DM 00000000000000000000 01101212170009990218                    100218000000000324075630940011212170000100000000000000000000000000000000000000000000000000000000000000000000000000003240000000000000000000000000000000000000000000000000000010000000000000          0007875360064900000000000000000000000000000000000000000020
1022542123500018830940000316741000000                         00000003066101000000DM 00000000000000000000 01101212170017950918                    100918000000000294075630940011212170000100000000000000000000000000000000000000000000000000000000000000000000000000002940000000000000000000000000000000000000000000000000000010000000000000          0000027258068600000000000000000000000000000000000000000021
1022542123500018830940000316741000000                         00000003069301000000DM 00000000000000000000 01101212170017951218                    101218000000000294075630940011212170000100000000000000000000000000000000000000000000000000000000000000000000000000002940000000000000000000000000000000000000000000000000000010000000000000          0000027258068600000000000000000000000000000000000000000022
1022542123500018830940000316741000000                         00000004172701000000DM 00000000000000000000 01101212170009990718                    100718000000000324075630940011212170000100000000000000000000000000000000000000000000000000000000000000000000000000003240000000000000000000000000000000000000000000000000000010000000000000          0007875360064900000000000000000000000000000000000000000023
1022542123500018830940000316741000000                         00000003063001000000DM 00000000000000000000 01101212170017950618                    100618000000000294075630940011212170000100000000000000000000000000000000000000000000000000000000000000000000000000002940000000000000000000000000000000000000000000000000000010000000000000          0000027258068600000000000000000000000000000000000000000024
1022542123500018830940000316741000000                         00000004166201000000DM 00000000000000000000 01101212170009990118                    100118000000000324075630940011212170000100000000000000000000000000000000000000000000000000000000000000000000000000003240000000000000000000000000000000000000000000000000000010000000000000          0007875360064900000000000000000000000000000000000000000025
1022542123500018830940000316741000000                         00000004169401000000DM 00000000000000000000 01101212170009990418                    100418000000000324075630940011212170000100000000000000000000000000000000000000000000000000000000000000000000000000003240000000000000000000000000000000000000000000000000000010000000000000          0007875360064900000000000000000000000000000000000000000026
9027563094SICOOB CREDIARA          RUA MARIA RITA DE AGUIAR                          CENTRO                        38183236ARAXÁ                         MG131220170000002500000000113                                                                                                                                                                                                                    000027
