02RETORNO01COBRANÇA       30940000327964316741J REZENDE - ME                756 - BANCOOB S/A 0612170000185                                                                                                                                                                                                                                                                                               000001
1022542123500018830940000316741000000                         00000001883301000000DM 00000000000000000000 01060112170025271217                    101217000000000349010400970010112170000250000000000000000000000000000000000000000000000000000000000000000000000000003490000000000000000000000000000000000000000000000000000010000000000000          0000677178867900000000000000000000000000000000000000000002
1022542123500018830940000316741000000                         00000000378801000000DM 00000000000000000000 01060512170004351217                    101217000000000294034109440010512170000250000000000000000000000000000000000000000000000000000000000000000000000000002940000000000000000000000000000000000000000000000000000010000000000000          0001514063611500000000000000000000000000000000000000000003
1022542123500018830940000316741000000                         00000000620701000000DM 00000000000000000000 01060412170005351217                    101217000000000294010400970010412170000250000000000000000000000000000000000000000000000000000000000000000000000000002940000000000000000000000000000000000000000000000000000010000000000000          0000659773163800000000000000000000000000000000000000000004
1022542123500018830940000316741000000                         00000001412301000000DM 00000000000000000000 01060412170023391217                    101217000000000349010400970010412170000250000000000000000000000000000000000000000000000000000000000000000000000000003490000000000000000000000000000000000000000000000000000010000000000000          0003615945069700000000000000000000000000000000000000000005
1022542123500018830940000316741000000                         00000001604801000000DM 00000000000000000000 01060512170029011217                    101217000000000349010400970010512170000250000000000000000000000000000000000000000000000000000000000000000000000000003490000000000000000000000000000000000000000000000000000010000000000000          0002483652468700000000000000000000000000000000000000000006
1022542123500018830940000316741000000                         00000000932001000000DM 00000000000000000000 01060412170013271217                    101217000000000294010400970010412170000250000000000000000000000000000000000000000000000000000000000000000000000000002940000000000000000000000000000000000000000000000000000010000000000000          0005974586069700000000000000000000000000000000000000000007
1022542123500018830940000316741000000                         00000001508501000000DM 00000000000000000000 01060512170028161217                    101217000000000349010400970010512170000250000000000000000000000000000000000000000000000000000000000000000000000000003490000000000000000000000000000000000000000000000000000010000000000000          0008257197068200000000000000000000000000000000000000000008
1022542123500018830940000316741000000                         00000001736501000000DM 00000000000000000000 01060512170029771217                    101217000000000349010400970010512170000250000000000000000000000000000000000000000000000000000000000000000000000000003490000000000000000000000000000000000000000000000000000010000000000000          0006219557360000000000000000000000000000000000000000000009
1022542123500018830940000316741000000                         00000001148201000000DM 00000000000000000000 01060412170017121217                    101217000000000294010400970010412170000250000000000000000000000000000000000000000000000000000000000000000000000000002940000000000000000000000000000000000000000000000000000010000000000000          0006761282268700000000000000000000000000000000000000000010
1022542123500018830940000316741000000                         00000002147401000000DM 00000000000000000000 01060512170026861217                    101217000000000349034199260010512170000250000000000000000000000000000000000000000000000000000000000000000000000000003490000000000000000000000000000000000000000000000000000010000000000000          0003407094060000000000000000000000000000000000000000000011
1022542123500018830940000316741000000                         00000000257101000000DM 00000000000000000000 01060512170003721217                    101217000000000294003334670010512170000250000000000000000000000000000000000000000000000000000000000000000000000000002940000000000000000000000000000000000000000000000000000010000000000000          0000595338569200000000000000000000000000000000000000000012
1022542123500018830940000316741000000                         00000000329701000000DM 00000000000000000000 01060412170004371217                    101217000000000294010400970010412170000250000000000000000000000000000000000000000000000000000000000000000000000000002940000000000000000000000000000000000000000000000000000010000000000000          0001313854565300000000000000000000000000000000000000000013
1022542123500018830940000316741000000                         00000000776001000000DM 00000000000000000000 01060112170010621217                    101217000000000294010400970010112170000250000000000000000000000000000000000000000000000000000000000000000000000000002940000000000000000000000000000000000000000000000000000010000000000000          0000055756263500000000000000000000000000000000000000000014
9027563094SICOOB CREDIARA          RUA MARIA RITA DE AGUIAR                          CENTRO                        38183236ARAXÁ                         MG061220170000001300000000113                                                                                                                                                                                                                    000015
