02RETORNO01COBRANÇA       30940000327964316741J REZENDE - ME                756 - BANCOOB S/A 0502180000199                                                                                                                                                                                                                                                                                               000001
1022542123500018830940000316741000000                         00000003879101000000DM 00000000000000000000 01060202180025190218                    100218000000000374010407080010202180000250000000000000000000000000000000000000000000000000000000000000000000000000003740000000000000000000000000000000000000000000000000000010000000000000          0008540006863400000000000000000000000000000000000000000002
1022542123500018830940000316741000000                         00000003682001000000DM 00000000000000000000 01060202180028970218                    100218000000000374010400970010202180000250000000000000000000000000000000000000000000000000000000000000000000000000003740000000000000000000000000000000000000000000000000000010000000000000          0005968516666800000000000000000000000000000000000000000003
9027563094SICOOB CREDIARA          RUA MARIA RITA DE AGUIAR                          CENTRO                        38183236ARAXÁ                         MG050220180000000200000000113                                                                                                                                                                                                                    000004
