02RETORNO01COBRANÇA       30940000327964316741J REZENDE - ME                756 - BANCOOB S/A 1402180000201                                                                                                                                                                                                                                                                                               000001
1022542123500018830940000316741000000                         00000001134001000000DM 00000000000000000000 01060902180016381017                    101017000000000294075630940010902180000250000000000000000000000000000000000000000000000000000000000000000000000000004454000000000151400000000000000000000000000000000000000010000000000000          0004897108160000000000000000000000000000000000000000000002
1022542123500018830940000316741000000                         00000002815101000000DM 00000000000000000000 01060802180003300218                    100218000000000324010400970010802180000250000000000000000000000000000000000000000000000000000000000000000000000000003240000000000000000000000000000000000000000000000000000010000000000000          0000916024261200000000000000000000000000000000000000000003
1022542123500018830940000316741000000                         00000002899001000000DM 00000000000000000000 01060802180004530218                    100218000000000374010400970010802180000250000000000000000000000000000000000000000000000000000000000000000000000000003740000000000000000000000000000000000000000000000000000010000000000000          0000786278560600000000000000000000000000000000000000000004
1022542123500018830940000316741000000                         00000002839801000000DM 00000000000000000000 01060902180004110218                    100218000000000374010400970010902180000250000000000000000000000000000000000000000000000000000000000000000000000000003740000000000000000000000000000000000000000000000000000010000000000000          0007246051260000000000000000000000000000000000000000000005
1022542123500018830940000316741000000                         00000003951801000000DM 00000000000000000000 01060902180026650218                    100218000000000374034109440010902180000250000000000000000000000000000000000000000000000000000000000000000000000000003740000000000000000000000000000000000000000000000000000010000000000000          0000694769266000000000000000000000000000000000000000000006
1022542123500018830940000316741000000                         00000003634701000000DM 00000000000000000000 01060902180028160218                    100218000000000374010400970010902180000250000000000000000000000000000000000000000000000000000000000000000000000000003740000000000000000000000000000000000000000000000000000010000000000000          0008257197068200000000000000000000000000000000000000000007
1022542123500018830940000316741000000                         00000004509001000000DM 00000000000000000000 01060902181000120118                    100218000000000698034199260010902180000250000000000000000000000000000000000000000000000000000000000000000000000000006980000000000000000000000000000000000000000000000000000010000000000000          7097216100012200000000000000000000000000000000000000000008
1022542123500018830940000316741000000                         00000001135701000000DM 00000000000000000000 01060902180016381117                    101117000000000294075630940010902180000250000000000000000000000000000000000000000000000000000000000000000000000000004144000000000120400000000000000000000000000000000000000010000000000000          0004897108160000000000000000000000000000000000000000000009
1022542123500018830940000316741000000                         00000004508201000000DM 00000000000000000000 01060902181000100118                    100218000000000698034199260010902180000250000000000000000000000000000000000000000000000000000000000000000000000000006980000000000000000000000000000000000000000000000000000010000000000000          7097303700034300000000000000000000000000000000000000000010
1022542123500018830940000316741000000                         00000004510801000000DM 00000000000000000000 01060902181000150118                    100218000000000349034199260010902180000250000000000000000000000000000000000000000000000000000000000000000000000000003490000000000000000000000000000000000000000000000000000010000000000000          7097303700093900000000000000000000000000000000000000000011
1022542123500018830940000316741000000                         00000003263301000000DM 00000000000000000000 01060902180011390218                    100218000000000324010400970010902180000250000000000000000000000000000000000000000000000000000000000000000000000000003240000000000000000000000000000000000000000000000000000010000000000000          0009651106069100000000000000000000000000000000000000000012
1022542123500018830940000316741000000                         00000003299801000000DM 00000000000000000000 01060902180012340218                    100218000000000324010400970010902180000250000000000000000000000000000000000000000000000000000000000000000000000000003240000000000000000000000000000000000000000000000000000010000000000000          0008461066260400000000000000000000000000000000000000000013
1022542123500018830940000316741000000                         00000003963601000000DM 00000000000000000000 01060902180026710218                    100218000000000374034109440010902180000250000000000000000000000000000000000000000000000000000000000000000000000000003740000000000000000000000000000000000000000000000000000010000000000000          0005764341515300000000000000000000000000000000000000000014
1022542123500018830940000316741000000                         00000004095401000000DM 00000000000000000000 01060902180014950218                    100218000000000324010400970010902180000250000000000000000000000000000000000000000000000000000000000000000000000000003240000000000000000000000000000000000000000000000000000010000000000000          0000136752462800000000000000000000000000000000000000000015
1022542123500018830940000316741000000                         00000004517901000000DM 00000000000000000000 01060902181000240118                    100218000000001674003334670010902180000250000000000000000000000000000000000000000000000000000000000000000000000000016740000000000000000000000000000000000000000000000000000010000000000000          0488922000017900000000000000000000000000000000000000000016
1022542123500018830940000316741000000                         00000001136401000000DM 00000000000000000000 01060902180016381217                    101217000000000294075630940010902180000250000000000000000000000000000000000000000000000000000000000000000000000000003844000000000090400000000000000000000000000000000000000010000000000000          0004897108160000000000000000000000000000000000000000000017
1022542123500018830940000316741000000                         00000003107901000000DM 00000000000000000000 01060902180005350218                    100218000000000324010400970010902180000250000000000000000000000000000000000000000000000000000000000000000000000000003240000000000000000000000000000000000000000000000000000010000000000000          0000659773163800000000000000000000000000000000000000000018
1022542123500018830940000316741000000                         00000003191801000000DM 00000000000000000000 01060802180009530218                    100218000000000324034199260010802180000250000000000000000000000000000000000000000000000000000000000000000000000000003240000000000000000000000000000000000000000000000000000010000000000000          0004361846464900000000000000000000000000000000000000000019
1022542123500018830940000316741000000                         00000001133201000000DM 00000000000000000000 01060902180016380917                    100917000000000294075630940010902180000250000000000000000000000000000000000000000000000000000000000000000000000000004754000000000181400000000000000000000000000000000000000010000000000000          0004897108160000000000000000000000000000000000000000000020
1022542123500018830940000316741000000                         00000003610001000000DM 00000000000000000000 01060802180028150218                    100218000000000374010400970010802180000250000000000000000000000000000000000000000000000000000000000000000000000000003740000000000000000000000000000000000000000000000000000010000000000000          0001026372666500000000000000000000000000000000000000000021
1022542123500018830940000316741000000                         00000003335901000000DM 00000000000000000000 01060902180023970218                    100218000000000374010400970010902180000250000000000000000000000000000000000000000000000000000000000000000000000000003740000000000000000000000000000000000000000000000000000010000000000000          0007188737762000000000000000000000000000000000000000000022
1022542123500018830940000316741000000                         00000004251401000000DM 00000000000000000000 01060802180029060218                    100218000000000374010400970010802180000250000000000000000000000000000000000000000000000000000000000000000000000000003740000000000000000000000000000000000000000000000000000010000000000000          0007331229087200000000000000000000000000000000000000000023
1022542123500018830940000316741000000                         00000004507501000000DM 00000000000000000000 01060902181000070118                    100218000000001047034199260010902180000250000000000000000000000000000000000000000000000000000000000000000000000000010470000000000000000000000000000000000000000000000000000010000000000000          7097303700069600000000000000000000000000000000000000000024
1022542123500018830940000316741000000                         00000003287001000000DM 00000000000000000000 01060802180012280218                    100218000000000374075630940010802180000250000000000000000000000000000000000000000000000000000000000000000000000000003740000000000000000000000000000000000000000000000000000010000000000000          0000488266564600000000000000000000000000000000000000000025
1022542123500018830940000316741000000                         00000003467601000000DM 00000000000000000000 01060902180016360218                    100218000000000374010400970010902180000250000000000000000000000000000000000000000000000000000000000000000000000000003740000000000000000000000000000000000000000000000000000010000000000000          0004340692069100000000000000000000000000000000000000000026
9027563094SICOOB CREDIARA          RUA MARIA RITA DE AGUIAR                          CENTRO                        38183236ARAXÁ                         MG140220180000002500000000113                                                                                                                                                                                                                    000027
