02RETORNO01COBRANÇA       30940000327964316741J REZENDE - ME                756 - BANCOOB S/A 0102180000198                                                                                                                                                                                                                                                                                               000001
1022542123500018830940000316741000000                         00000003431101000000DM 00000000000000000000 01063101180015740218                    100218000000000324010400970013101180000250000000000000000000000000000000000000000000000000000000000000000000000000003240000000000000000000000000000000000000000000000000000010000000000000          0004684573966800000000000000000000000000000000000000000002
1022542123500018830940000316741000000                         00000004461101000000DM 00000000000000000000 01062901180030670118                    110118000000000374075630940012901180000250000000000000000000000000000000000000000000000000000000000000000000000000004132000000000039200000000000000000000000000000000000000010000000000000          0004937862766800000000000000000000000000000000000000000003
1022542123500018830940000316741000000                         00000002779001000000DM 00000000000000000000 01063101180001520218                    100218000000000324010400970013101180000250000000000000000000000000000000000000000000000000000000000000000000000000003240000000000000000000000000000000000000000000000000000010000000000000          0000719132169500000000000000000000000000000000000000000004
1022542123500018830940000316741000000                         00000004023401000000DM 00000000000000000000 01063101180027130218                    100218000000000374010400970013101180000250000000000000000000000000000000000000000000000000000000000000000000000000003740000000000000000000000000000000000000000000000000000010000000000000          0009652261564900000000000000000000000000000000000000000005
9027563094SICOOB CREDIARA          RUA MARIA RITA DE AGUIAR                          CENTRO                        38183236ARAXÁ                         MG010220180000000400000000113                                                                                                                                                                                                                    000006
