02RETORNO01COBRANÇA       30940000327964316741J REZENDE - ME                756 - BANCOOB S/A 0702180000200                                                                                                                                                                                                                                                                                               000001
1022542123500018830940000316741000000                         00000003999001000000DM 00000000000000000000 01060502180026860218                    100218000000000374034199260010502180000250000000000000000000000000000000000000000000000000000000000000000000000000003740000000000000000000000000000000000000000000000000000010000000000000          0003407094060000000000000000000000000000000000000000000002
1022542123500018830940000316741000000                         00000003646501000000DM 00000000000000000000 01060602180028810218                    100218000000000374034199260010602180000250000000000000000000000000000000000000000000000000000000000000000000000000003740000000000000000000000000000000000000000000000000000010000000000000          0002729612165300000000000000000000000000000000000000000003
1022542123500018830940000316741000000                         00000003586801000000DM 00000000000000000000 01060602180023390218                    100218000000000374010400970010602180000250000000000000000000000000000000000000000000000000000000000000000000000000003740000000000000000000000000000000000000000000000000000010000000000000          0003615945069700000000000000000000000000000000000000000004
1022542123500018830940000316741000000                         00000003867301000000DM 00000000000000000000 01060602180025270218                    100218000000000374010400970010602180000250000000000000000000000000000000000000000000000000000000000000000000000000003740000000000000000000000000000000000000000000000000000010000000000000          0000677178867900000000000000000000000000000000000000000005
1022542123500018830940000316741000000                         00000002767201000000DM 00000000000000000000 01060602180001140218                    100218000000000324010400970010602180000250000000000000000000000000000000000000000000000000000000000000000000000000003240000000000000000000000000000000000000000000000000000010000000000000          0004897155363400000000000000000000000000000000000000000006
1022542123500018830940000316741000000                         00000002791001000000DM 00000000000000000000 01060502180002470218                    100218000000000324010400970010502180000250000000000000000000000000000000000000000000000000000000000000000000000000003240000000000000000000000000000000000000000000000000000010000000000000          0000356167569700000000000000000000000000000000000000000007
1022542123500018830940000316741000000                         00000002887101000000DM 00000000000000000000 01060502180004370218                    100218000000000324010400970010502180000250000000000000000000000000000000000000000000000000000000000000000000000000003240000000000000000000000000000000000000000000000000000010000000000000          0001313854565300000000000000000000000000000000000000000008
1022542123500018830940000316741000000                         00000003047101000000DM 00000000000000000000 01060602180008410218                    100218000000000324010400970010602180000250000000000000000000000000000000000000000000000000000000000000000000000000003240000000000000000000000000000000000000000000000000000010000000000000          0004459589168700000000000000000000000000000000000000000009
1022542123500018830940000316741000000                         00000002863501000000DM 00000000000000000000 01060502180004220218                    100218000000000324010400970010502180000250000000000000000000000000000000000000000000000000000000000000000000000000003240000000000000000000000000000000000000000000000000000010000000000000          0007415855469100000000000000000000000000000000000000000010
1022542123500018830940000316741000000                         00000003515501000000DM 00000000000000000000 01060502180017750218                    100218000000000324010400970010502180000250000000000000000000000000000000000000000000000000000000000000000000000000003240000000000000000000000000000000000000000000000000000010000000000000          0002729843469100000000000000000000000000000000000000000011
1022542123500018830940000316741000000                         00000004071801000000DM 00000000000000000000 01060502180014580218                    100218000000000324010400970010502180000250000000000000000000000000000000000000000000000000000000000000000000000000003240000000000000000000000000000000000000000000000000000010000000000000          0002361630010000000000000000000000000000000000000000000012
1022542123500018830940000316741000000                         00000003658301000000DM 00000000000000000000 01060602180028820218                    100218000000000374010400970010602180000250000000000000000000000000000000000000000000000000000000000000000000000000003740000000000000000000000000000000000000000000000000000010000000000000          0002486093060600000000000000000000000000000000000000000013
1022542123500018830940000316741000000                         00000003694901000000DM 00000000000000000000 01060602180029010218                    100218000000000374010400970010602180000250000000000000000000000000000000000000000000000000000000000000000000000000003740000000000000000000000000000000000000000000000000000010000000000000          0002483652468700000000000000000000000000000000000000000014
1022542123500018830940000316741000000                         00000003239601000000DM 00000000000000000000 01060602180010460218                    100218000000000324010400970010602180000250000000000000000000000000000000000000000000000000000000000000000000000000003240000000000000000000000000000000000000000000000000000010000000000000          0000013014064300000000000000000000000000000000000000000015
1022542123500018830940000316741000000                         00000003359501000000DM 00000000000000000000 01060602180024530218                    100218000000000374010400970010602180000250000000000000000000000000000000000000000000000000000000000000000000000000003740000000000000000000000000000000000000000000000000000010000000000000          0003607094764900000000000000000000000000000000000000000016
1022542123500018830940000316741000000                         00000003975401000000DM 00000000000000000000 01060502180026740218                    100218000000000374023716910010502180000250000000000000000000000000000000000000000000000000000000000000000000000000003740000000000000000000000000000000000000000000000000000010000000000000          0000954360460600000000000000000000000000000000000000000017
1022542123500018830940000316741000000                         00000002755401000000DM 00000000000000000000 01060502180000410218                    100218000000000324010400970010502180000250000000000000000000000000000000000000000000000000000000000000000000000000003240000000000000000000000000000000000000000000000000000010000000000000          0000565324365500000000000000000000000000000000000000000018
1022542123500018830940000316741000000                         00000003179901000000DM 00000000000000000000 01060502180009450218                    100218000000000324010400970010502180000250000000000000000000000000000000000000000000000000000000000000000000000000003240000000000000000000000000000000000000000000000000000010000000000000          0009277825960000000000000000000000000000000000000000000019
9027563094SICOOB CREDIARA          RUA MARIA RITA DE AGUIAR                          CENTRO                        38183236ARAXÁ                         MG070220180000001800000000113                                                                                                                                                                                                                    000020
