02RETORNO01COBRANÇA       30940000327964316741J REZENDE - ME                756 - BANCOOB S/A 1502180000202                                                                                                                                                                                                                                                                                               000001
1022542123500018830940000316741000000                         00000003143401000000DM 00000000000000000000 01061402180005930218                    100218000000000324010400970011402180000250000000000000000000000000000000000000000000000000000000000000000000000000003240000000000000000000000000000000000000000000000000000010000000000000          0003023575860400000000000000000000000000000000000000000002
1022542123500018830940000316741000000                         00000004516101000000DM 00000000000000000000 01061402181000210118                    100218000000000877575640790011402180000250000000000000000000000000000000000000000000000000000000000000000000000000008775000000000000000000000000000000000000000000000000000010000000000000          6522717500018100000000000000000000000000000000000000000003
1022542123500018830940000316741000000                         00000004131501000000DM 00000000000000000000 01061402180027500218                    100218000000000374010400970011402180000250000000000000000000000000000000000000000000000000000000000000000000000000003740000000000000000000000000000000000000000000000000000010000000000000          0000282899960200000000000000000000000000000000000000000004
1022542123500018830940000316741000000                         00000003155201000000DM 00000000000000000000 01061402180006480218                    100218000000000374010400970011402180000250000000000000000000000000000000000000000000000000000000000000000000000000003740000000000000000000000000000000000000000000000000000010000000000000          0001612677762000000000000000000000000000000000000000000005
1022542123500018830940000316741000000                         00000003503701000000DM 00000000000000000000 01061402180017340218                    100218000000000324010400970011402180000250000000000000000000000000000000000000000000000000000000000000000000000000003240000000000000000000000000000000000000000000000000000010000000000000          0006300667766800000000000000000000000000000000000000000006
1022542123500018830940000316741000000                         00000003420001000000DM 00000000000000000000 01061402180015610318                    100318000000000324010400970011402180000250000000000000000000000000000000000000000000000000000000000000000000000000003240000000000000000000000000000000000000000000000000000010000000000000          0000512874565100000000000000000000000000000000000000000007
1022542123500018830940000316741000000                         00000004511501000000DM 00000000000000000000 01061402181000080118                    100218000000002756075630940011402180000250000000000000000000000000000000000000000000000000000000000000000000000000027560000000000000000000000000000000000000000000000000000010000000000000          3874637600011200000000000000000000000000000000000000000008
1022542123500018830940000316741000000                         00000004515401000000DM 00000000000000000000 01061402181000140118                    100218000000000374075630940011402180000250000000000000000000000000000000000000000000000000000000000000000000000000003740000000000000000000000000000000000000000000000000000010000000000000          3874637600046500000000000000000000000000000000000000000009
1022542123500018830940000316741000000                         00000002851701000000DM 00000000000000000000 01061402180004140218                    100218000000000374010400970011402180000250000000000000000000000000000000000000000000000000000000000000000000000000003740000000000000000000000000000000000000000000000000000010000000000000          0000303613564200000000000000000000000000000000000000000010
1022542123500018830940000316741000000                         00000002803301000000DM 00000000000000000000 01061402180002560218                    100218000000000324034109440011402180000250000000000000000000000000000000000000000000000000000000000000000000000000003240000000000000000000000000000000000000000000000000000010000000000000          0000474784860600000000000000000000000000000000000000000011
1022542123500018830940000316741000000                         00000003035301000000DM 00000000000000000000 01061402180004160218                    100218000000000324034109440011402180000250000000000000000000000000000000000000000000000000000000000000000000000000003240000000000000000000000000000000000000000000000000000010000000000000          0009147587261500000000000000000000000000000000000000000012
1022542123500018830940000316741000000                         00000004513001000000DM 00000000000000000000 01061402181000110118                    100218000000001122075630940011402180000250000000000000000000000000000000000000000000000000000000000000000000000000011220000000000000000000000000000000000000000000000000000010000000000000          3874637600038400000000000000000000000000000000000000000013
1022542123500018830940000316741000000                         00000003023501000000DM 00000000000000000000 01061402180008390218                    100218000000000324010400970011402180000250000000000000000000000000000000000000000000000000000000000000000000000000003240000000000000000000000000000000000000000000000000000010000000000000          0004904386264900000000000000000000000000000000000000000014
1022542123500018830940000316741000000                         00000003251501000000DM 00000000000000000000 01061402180011060218                    100218000000000324034184810011402180000250000000000000000000000000000000000000000000000000000000000000000000000000003240000000000000000000000000000000000000000000000000000010000000000000          0000306014564400000000000000000000000000000000000000000015
9027563094SICOOB CREDIARA          RUA MARIA RITA DE AGUIAR                          CENTRO                        38183236ARAXÁ                         MG150220180000001400000000113                                                                                                                                                                                                                    000016
