02RETORNO01COBRANÇA       30940000327964316741J REZENDE - ME                756 - BANCOOB S/A 1902180000203                                                                                                                                                                                                                                                                                               000001
1022542123500018830940000316741000000                         00000003807101000000DM 00000000000000000000 01061502180010140218                    200218000000000374010400970011502180000250000000000000000000000000000000000000000000000000000000000000000000000000003740000000000000000000000000000000000000000000000000000010000000000000          0005764752663400000000000000000000000000000000000000000002
1022542123500018830940000316741000000                         00000003927001000000DM 00000000000000000000 01061502180026050218                    100218000000000374075630940011502180000250000000000000000000000000000000000000000000000000000000000000000000000000004119000000000037900000000000000000000000000000000000000010000000000000          0000258153466400000000000000000000000000000000000000000003
9027563094SICOOB CREDIARA          RUA MARIA RITA DE AGUIAR                          CENTRO                        38183236ARAXÁ                         MG190220180000000200000000113                                                                                                                                                                                                                    000004
