02RETORNO01COBRANÇA       30940000327964316741J REZENDE - ME                756 - BANCOOB S/A 2702180000205                                                                                                                                                                                                                                                                                               000001
1022542123500018830940000316741000000                         00000003538401000000DM 00000000000000000000 01062202180022660218                    100218000000000374075630940012202180000250000000000000000000000000000000000000000000000000000000000000000000000000004114000000000037400000000000000000000000000000000000000010000000000000          0004170441060600000000000000000000000000000000000000000002
1022542123500018830940000316741000000                         00000003729101000000DM 00000000000000000000 01102202180029630118                    100118000000000374075630940012202180000100000000000000000000000000000000000000000000000000000000000000000000000000003740000000000000000000000000000000000000000000000000000010000000000000          0000559499965500000000000000000000000000000000000000000003
1022542123500018830940000316741000000                         00000003730001000000DM 00000000000000000000 01102202180029630218                    100218000000000374075630940012202180000100000000000000000000000000000000000000000000000000000000000000000000000000003740000000000000000000000000000000000000000000000000000010000000000000          0000559499965500000000000000000000000000000000000000000004
1022542123500018830940000316741000000                         00000003831901000000DM 00000000000000000000 01102202180030140218                    100218000000000374075630940012202180000100000000000000000000000000000000000000000000000000000000000000000000000000003740000000000000000000000000000000000000000000000000000010000000000000          0000506908968400000000000000000000000000000000000000000005
1022542123500018830940000316741000000                         00000004495101000000DM 00000000000000000000 01062202180030680218                    120218000000000374075630940012202180000250000000000000000000000000000000000000000000000000000000000000000000000000004124000000000038400000000000000000000000000000000000000010000000000000          0000377887650300000000000000000000000000000000000000000006
1022542123500018830940000316741000000                         00000003551001000000DM 00000000000000000000 01062202180022690318                    100318000000000374010400970012202180000250000000000000000000000000000000000000000000000000000000000000000000000000003740000000000000000000000000000000000000000000000000000010000000000000          0006307307269100000000000000000000000000000000000000000007
1022542123500018830940000316741000000                         00000003371401000000DM 00000000000000000000 01102202180024540218                    200218000000000374075630940012202180000100000000000000000000000000000000000000000000000000000000000000000000000000003740000000000000000000000000000000000000000000000000000010000000000000          0000847276465600000000000000000000000000000000000000000008
1022542123500018830940000316741000000                         00000003915201000000DM 00000000000000000000 01102202180025960218                    100218000000000374075630940012202180000100000000000000000000000000000000000000000000000000000000000000000000000000003740000000000000000000000000000000000000000000000000000010000000000000          0009277829168700000000000000000000000000000000000000000009
9027563094SICOOB CREDIARA          RUA MARIA RITA DE AGUIAR                          CENTRO                        38183236ARAXÁ                         MG270220180000000800000000113                                                                                                                                                                                                                    000010
