02RETORNO01COBRANÇA       30940000327964316741J REZENDE                     756 - BANCOOB S/A 0204200000396                                                                                                                                                                                                                                                                                               000001
1022542123500018830940000316741000000                         00000006000301000000DM 00000000000000000000 01063003200026740420                    100420000000000400010400970013003200000250000000000000000000000000000000000000000000000000000000000000000000000000004000000000000000000000000000000000000000000000000000000010000000000000          0000954360460600000000000000000000000000000000000000000002
1022542123500018830940000316741000000                         00000006072301000000DM 00000000000000000000 01063103200010210420                    100420000000000360010400970013103200000250000000000000000000000000000000000000000000000000000000000000000000000000003600000000000000000000000000000000000000000000000000000010000000000000          0007187518269100000000000000000000000000000000000000000003
1022542123500018830940000316741000000                         00000006108301000000DM 00000000000000000000 01060104200028820420                    100420000000000400010400970010104200000250000000000000000000000000000000000000000000000000000000000000000000000000004000000000000000000000000000000000000000000000000000000010000000000000          0002486093060600000000000000000000000000000000000000000004
1022542123500018830940000316741000000                         00000006383001000000DM 00000000000000000000 01063103200028810320                    100320000000000400010400970013103200000250000000000000000000000000000000000000000000000000000000000000000000000000004004000000000000400000000000000000000000000000000000000010000000000000          0002729612165300000000000000000000000000000000000000000005
9027563094SICOOB CREDIARA          R D BOSCO                                         Centro                        38183228Araxá                         MG020420200000000400000000113                                                                                                                                                                                                                    000006
