02RETORNO01COBRANÇA       30940000327964316741J REZENDE                     756 - BANCOOB S/A 2004200000400                                                                                                                                                                                                                                                                                               000001
1022542123500018830940000316741000000                         00000006084101000000DM 00000000000000000000 01061404200011030420                    100420000000000360010400970011404200000250000000000000000000000000000000000000000000000000000000000000000000000000003603000000000000300000000000000000000000000000000000000010000000000000          0008715135969100000000000000000000000000000000000000000002
1022542123500018830940000316741000000                         00000006468001000000DM 00000000000000000000 01061404200010140520                    100520000000000400010400970011404200000250000000000000000000000000000000000000000000000000000000000000000000000000004000000000000000000000000000000000000000000000000000000010000000000000          0005764752663400000000000000000000000000000000000000000003
1022542123500018830940000316741000000                         00000006325201000000DM 00000000000000000000 01061604200005930520                    100520000000000360010400970011604200000250000000000000000000000000000000000000000000000000000000000000000000000000003600000000000000000000000000000000000000000000000000000010000000000000          0003023575860400000000000000000000000000000000000000000004
9027563094SICOOB CREDIARA          R D BOSCO                                         Centro                        38183228Araxá                         MG200420200000000300000000113                                                                                                                                                                                                                    000005
