02RETORNO01COBRANÇA       30940000327964316741J REZENDE                     756 - BANCOOB S/A 1404200000399                                                                                                                                                                                                                                                                                               000001
1022542123500018830940000316741000000                         00000005121001000000DM 00000000000000000000 01091304200013891019                    151019000000000324075630940011304200000100000000000000000000000000000000000000000000000000000000000000000000000000003240000000000000000000000000000000000000000000000000000010000000000000          0000690262868800000000000000000000000000000000000000000002
1022542123500018830940000316741000000                         00000006777201000000DM 00000000000000000000 01061304201000260320                    100420000000004080310400970011304200000250000000000000000000000000000000000000000000000000000000000000000000000000040803000000000000000000000000000000000000000000000000000010000000000000          0098386400017000000000000000000000000000000000000000000003
1022542123500018830940000316741000000                         00000006749601000000DM 00000000000000000000 01061304200029710420                    100420000000000400003334670011304200000250000000000000000000000000000000000000000000000000000000000000000000000000004000000000000000000000000000000000000000000000000000000010000000000000          0002729840060600000000000000000000000000000000000000000004
1022542123500018830940000316741000000                         00000006420801000000DM 00000000000000000000 01061304200004160420                    100420000000000360034109440011304200000250000000000000000000000000000000000000000000000000000000000000000000000000003600000000000000000000000000000000000000000000000000000010000000000000          0009147587261500000000000000000000000000000000000000000005
1022542123500018830940000316741000000                         00000006772601000000DM 00000000000000000000 01061304201000120320                    100420000000000380000102100011304200000250000000000000000000000000000000000000000000000000000000000000000000000000003800000000000000000000000000000000000000000000000000000010000000000000          7097216100012200000000000000000000000000000000000000000006
1022542123500018830940000316741000000                         00000006775801000000DM 00000000000000000000 01061304201000250320                    100420000000039330010400970011304200000250000000000000000000000000000000000000000000000000000000000000000000000000393300000000000000000000000000000000000000000000000000000010000000000000          2604122800011300000000000000000000000000000000000000000007
1022542123500018830940000316741000000                         00000006771901000000DM 00000000000000000000 01061304201000100320                    100420000000000760000142020011304200000250000000000000000000000000000000000000000000000000000000000000000000000000007600000000000000000000000000000000000000000000000000000010000000000000          7097303700034300000000000000000000000000000000000000000008
1022542123500018830940000316741000000                         00000006778001000000DM 00000000000000000000 01061304201000270320                    100420000000002072075630940011304200000250000000000000000000000000000000000000000000000000000000000000000000000000020720000000000000000000000000000000000000000000000000000010000000000000          0534793700015100000000000000000000000000000000000000000009
1022542123500018830940000316741000000                         00000006647001000000DM 00000000000000000000 01061304200004220420                    100420000000000360010400970011304200000250000000000000000000000000000000000000000000000000000000000000000000000000003600000000000000000000000000000000000000000000000000000010000000000000          0007415855469100000000000000000000000000000000000000000010
1022542123500018830940000316741000000                         00000006770101000000DM 00000000000000000000 01061304201000070320                    100420000000000380000142020011304200000250000000000000000000000000000000000000000000000000000000000000000000000000003800000000000000000000000000000000000000000000000000000010000000000000          7097303700069600000000000000000000000000000000000000000011
1022542123500018830940000316741000000                         00000006773301000000DM 00000000000000000000 01061304201000150320                    100420000000000380000142020011304200000250000000000000000000000000000000000000000000000000000000000000000000000000003800000000000000000000000000000000000000000000000000000010000000000000          7097303700093900000000000000000000000000000000000000000012
1022542123500018830940000316741000000                         00000006776501000000DM 00000000000000000000 01061304201000250320                    100420000000000726010400970011304200000250000000000000000000000000000000000000000000000000000000000000000000000000007260000000000000000000000000000000000000000000000000000010000000000000          2604146700017300000000000000000000000000000000000000000013
1022542123500018830940000316741000000                         00000006779701000000DM 00000000000000000000 01061304201000280420                    100420000000001036075640790011304200000250000000000000000000000000000000000000000000000000000000000000000000000000010360000000000000000000000000000000000000000000000000000010000000000000          0581273600018800000000000000000000000000000000000000000014
1022542123500018830940000316741000000                         00000006396501000000DM 00000000000000000000 01061304200030690420                    100420000000000400075630940011304200000250000000000000000000000000000000000000000000000000000000000000000000000000004000000000000000000000000000000000000000000000000000000010000000000000          0006037461660400000000000000000000000000000000000000000015
1022542123500018830940000316741000000                         00000006587201000000DM 00000000000000000000 01061304200023040420                    100420000000000400010400970011304200000250000000000000000000000000000000000000000000000000000000000000000000000000004000000000000000000000000000000000000000000000000000000010000000000000          0004225353567200000000000000000000000000000000000000000016
9027563094SICOOB CREDIARA          R D BOSCO                                         Centro                        38183228Araxá                         MG140420200000001500000000113                                                                                                                                                                                                                    000017
