02RETORNO01COBRANÇA       30940000327964316741J REZENDE                     756 - BANCOOB S/A 0204200000394                                                                                                                                                                                                                                                                                               000001
1022542123500018830940000316741000000                         00000006009901000000DM 00000000000000000000 01061603200002470120                    100120000000000360010400970011603200000250000000000000000000000000000000000000000000000000000000000000000000000000003603000000000000300000000000000000000000000000000000000010000000000000          0000356167569700000000000000000000000000000000000000000002
1022542123500018830940000316741000000                         00000005120301000000DM 00000000000000000000 01091603200013890919                    150919000000000324075630940011603200000100000000000000000000000000000000000000000000000000000000000000000000000000003240000000000000000000000000000000000000000000000000000010000000000000          0000690262868800000000000000000000000000000000000000000003
1022542123500018830940000316741000000                         00000005397301000000DM 00000000000000000000 01091903200024540919                    200919000000000374075630940011903200000100000000000000000000000000000000000000000000000000000000000000000000000000003740000000000000000000000000000000000000000000000000000010000000000000          0000847276465600000000000000000000000000000000000000000004
9027563094SICOOB CREDIARA          R D BOSCO                                         Centro                        38183228Araxá                         MG020420200000000300000000113                                                                                                                                                                                                                    000005
