02RETORNO01COBRANÇA       30940000327964316741J REZENDE                     756 - BANCOOB S/A 1304200000397                                                                                                                                                                                                                                                                                               000001
1022542123500018830940000316741000000                         00000004785301000000DM 00000000000000000000 01090804200004351019                    101019000000000324075630940010804200000100000000000000000000000000000000000000000000000000000000000000000000000000003240000000000000000000000000000000000000000000000000000010000000000000          0001514063611500000000000000000000000000000000000000000002
1022542123500018830940000316741000000                         00000004905801000000DM 00000000000000000000 01090804200007011019                    101019000000000324075630940010804200000100000000000000000000000000000000000000000000000000000000000000000000000000003240000000000000000000000000000000000000000000000000000010000000000000          0006529267760400000000000000000000000000000000000000000003
1022542123500018830940000316741000000                         00000005638401000000DM 00000000000000000000 01090804200029631019                    101019000000000374075630940010804200000100000000000000000000000000000000000000000000000000000000000000000000000000003740000000000000000000000000000000000000000000000000000010000000000000          0000559499965500000000000000000000000000000000000000000004
1022542123500018830940000316741000000                         00000006168501000000DM 00000000000000000000 01060804200006480420                    100420000000000400010400970010804200000250000000000000000000000000000000000000000000000000000000000000000000000000004000000000000000000000000000000000000000000000000000000010000000000000          0001612677762000000000000000000000000000000000000000000005
1022542123500018830940000316741000000                         00000006216401000000DM 00000000000000000000 01060604200010200420                    100420000000000400010400970010604200000250000000000000000000000000000000000000000000000000000000000000000000000000004000000000000000000000000000000000000000000000000000000010000000000000          0003616071763400000000000000000000000000000000000000000006
1022542123500018830940000316741000000                         00000006288401000000DM 00000000000000000000 01060804200000410420                    100420000000000360010400970010804200000250000000000000000000000000000000000000000000000000000000000000000000000000003600000000000000000000000000000000000000000000000000000010000000000000          0000565324365500000000000000000000000000000000000000000007
1022542123500018830940000316741000000                         00000004953101000000DM 00000000000000000000 01090804200008691019                    101019000000000324075630940010804200000100000000000000000000000000000000000000000000000000000000000000000000000000003240000000000000000000000000000000000000000000000000000010000000000000          0000027442861000000000000000000000000000000000000000000008
1022542123500018830940000316741000000                         00000005302401000000DM 00000000000000000000 01090804200017951019                    101019000000000324075630940010804200000100000000000000000000000000000000000000000000000000000000000000000000000000003240000000000000000000000000000000000000000000000000000010000000000000          0000027258068600000000000000000000000000000000000000000009
1022542123500018830940000316741000000                         00000005422301000000DM 00000000000000000000 01090804200025191019                    101019000000000374075630940010804200000100000000000000000000000000000000000000000000000000000000000000000000000000003740000000000000000000000000000000000000000000000000000010000000000000          0008540006863400000000000000000000000000000000000000000010
1022542123500018830940000316741000000                         00000005742601000000DM 00000000000000000000 01090804200029221019                    101019000000000374075630940010804200000100000000000000000000000000000000000000000000000000000000000000000000000000003740000000000000000000000000000000000000000000000000000010000000000000          0005554795862000000000000000000000000000000000000000000011
1022542123500018830940000316741000000                         00000005875001000000DM 00000000000000000000 01090804201000070919                    101019000000000349075630940010804200000100000000000000000000000000000000000000000000000000000000000000000000000000003490000000000000000000000000000000000000000000000000000010000000000000          7097303700069600000000000000000000000000000000000000000012
1022542123500018830940000316741000000                         00000005878201000000DM 00000000000000000000 01090804201000150919                    101019000000000349075630940010804200000100000000000000000000000000000000000000000000000000000000000000000000000000003490000000000000000000000000000000000000000000000000000010000000000000          7097303700093900000000000000000000000000000000000000000013
1022542123500018830940000316741000000                         00000006612201000000DM 00000000000000000000 01060804200005350520                    100520000000000360010400970010804200000250000000000000000000000000000000000000000000000000000000000000000000000000003600000000000000000000000000000000000000000000000000000010000000000000          0000659773163800000000000000000000000000000000000000000014
1022542123500018830940000316741000000                         00000006336301000000DM 00000000000000000000 01060804200010920420                    100420000000000360010400970010804200000250000000000000000000000000000000000000000000000000000000000000000000000000003600000000000000000000000000000000000000000000000000000010000000000000          0007570230469100000000000000000000000000000000000000000015
1022542123500018830940000316741000000                         00000005916801000000DM 00000000000000000000 01060704200014580420                    100420000000000360010400970010704200000250000000000000000000000000000000000000000000000000000000000000000000000000003600000000000000000000000000000000000000000000000000000010000000000000          0002361630010000000000000000000000000000000000000000000016
1022542123500018830940000316741000000                         00000005928601000000DM 00000000000000000000 01060304200014950420                    100420000000000360010400970010304200000250000000000000000000000000000000000000000000000000000000000000000000000000003600000000000000000000000000000000000000000000000000000010000000000000          0000136752462800000000000000000000000000000000000000000017
1022542123500018830940000316741000000                         00000005278101000000DM 00000000000000000000 01090804200017751019                    101019000000000324075630940010804200000100000000000000000000000000000000000000000000000000000000000000000000000000003240000000000000000000000000000000000000000000000000000010000000000000          0002729843469100000000000000000000000000000000000000000018
1022542123500018830940000316741000000                         00000005290001000000DM 00000000000000000000 01090804200017831019                    101019000000000324075630940010804200000100000000000000000000000000000000000000000000000000000000000000000000000000003240000000000000000000000000000000000000000000000000000010000000000000          0007674540669100000000000000000000000000000000000000000019
1022542123500018830940000316741000000                         00000005718901000000DM 00000000000000000000 01090804200030701019                    101019000000000374075630940010804200000100000000000000000000000000000000000000000000000000000000000000000000000000003740000000000000000000000000000000000000000000000000000010000000000000          0001212798465000000000000000000000000000000000000000000020
1022542123500018830940000316741000000                         00000005025801000000DM 00000000000000000000 01090804200010461019                    101019000000000324075630940010804200000100000000000000000000000000000000000000000000000000000000000000000000000000003240000000000000000000000000000000000000000000000000000010000000000000          0000013014064300000000000000000000000000000000000000000021
1022542123500018830940000316741000000                         00000005073101000000DM 00000000000000000000 01090804200011061019                    101019000000000324075630940010804200000100000000000000000000000000000000000000000000000000000000000000000000000000003240000000000000000000000000000000000000000000000000000010000000000000          0000306014564400000000000000000000000000000000000000000022
1022542123500018830940000316741000000                         00000005097801000000DM 00000000000000000000 01090804200012341019                    101019000000000324075630940010804200000100000000000000000000000000000000000000000000000000000000000000000000000000003240000000000000000000000000000000000000000000000000000010000000000000          0008461066260400000000000000000000000000000000000000000023
1022542123500018830940000316741000000                         00000005145701000000DM 00000000000000000000 01090804200014481019                    101019000000000324075630940010804200000100000000000000000000000000000000000000000000000000000000000000000000000000003240000000000000000000000000000000000000000000000000000010000000000000          0005227926069700000000000000000000000000000000000000000024
1022542123500018830940000316741000000                         00000005206101000000DM 00000000000000000000 01090804200015231019                    101019000000000324075630940010804200000100000000000000000000000000000000000000000000000000000000000000000000000000003240000000000000000000000000000000000000000000000000000010000000000000          0003225778362000000000000000000000000000000000000000000025
1022542123500018830940000316741000000                         00000005881501000000DM 00000000000000000000 01090804201000250919                    101019000000000557075630940010804200000100000000000000000000000000000000000000000000000000000000000000000000000000005570000000000000000000000000000000000000000000000000000010000000000000          2604146700017300000000000000000000000000000000000000000026
1022542123500018830940000316741000000                         00000006324501000000DM 00000000000000000000 01060804200005930420                    100420000000000360010400970010804200000250000000000000000000000000000000000000000000000000000000000000000000000000003600000000000000000000000000000000000000000000000000000010000000000000          0003023575860400000000000000000000000000000000000000000027
1022542123500018830940000316741000000                         00000006563601000000DM 00000000000000000000 01060604200023390420                    100420000000000400010400970010604200000250000000000000000000000000000000000000000000000000000000000000000000000000004000000000000000000000000000000000000000000000000000000010000000000000          0003615945069700000000000000000000000000000000000000000028
1022542123500018830940000316741000000                         00000004713301000000DM 00000000000000000000 01090804200002561019                    101019000000000324075630940010804200000100000000000000000000000000000000000000000000000000000000000000000000000000003240000000000000000000000000000000000000000000000000000010000000000000          0000474784860600000000000000000000000000000000000000000029
1022542123500018830940000316741000000                         00000004857901000000DM 00000000000000000000 01090804200005451019                    101019000000000324075630940010804200000100000000000000000000000000000000000000000000000000000000000000000000000000003240000000000000000000000000000000000000000000000000000010000000000000          0003013578866800000000000000000000000000000000000000000030
1022542123500018830940000316741000000                         00000005410501000000DM 00000000000000000000 01090804200024731019                    101019000000000374075630940010804200000100000000000000000000000000000000000000000000000000000000000000000000000000003740000000000000000000000000000000000000000000000000000010000000000000          0001603579869100000000000000000000000000000000000000000031
1022542123500018830940000316741000000                         00000005482501000000DM 00000000000000000000 01090804200026731019                    101019000000000374075630940010804200000100000000000000000000000000000000000000000000000000000000000000000000000000003740000000000000000000000000000000000000000000000000000010000000000000          0000945536569300000000000000000000000000000000000000000032
1022542123500018830940000316741000000                         00000005518501000000DM 00000000000000000000 01090804200027001019                    101019000000000374075630940010804200000100000000000000000000000000000000000000000000000000000000000000000000000000003740000000000000000000000000000000000000000000000000000010000000000000          0000487456467400000000000000000000000000000000000000000033
1022542123500018830940000316741000000                         00000005876801000000DM 00000000000000000000 01090804201000100919                    101019000000002628575630940010804200000100000000000000000000000000000000000000000000000000000000000000000000000000026285000000000000000000000000000000000000000000000000000010000000000000          7097303700034300000000000000000000000000000000000000000034
1022542123500018830940000316741000000                         00000006048601000000DM 00000000000000000000 01060604200024530420                    100420000000000400010400970010604200000250000000000000000000000000000000000000000000000000000000000000000000000000004000000000000000000000000000000000000000000000000000000010000000000000          0003607094764900000000000000000000000000000000000000000035
1022542123500018830940000316741000000                         00000006060501000000DM 00000000000000000000 01060704200005190420                    100420000000000360010400970010704200000250000000000000000000000000000000000000000000000000000000000000000000000000003600000000000000000000000000000000000000000000000000000010000000000000          0007188477760000000000000000000000000000000000000000000036
1022542123500018830940000316741000000                         00000005964101000000DM 00000000000000000000 01060804200001140420                    100420000000000360010400970010804200000250000000000000000000000000000000000000000000000000000000000000000000000000003600000000000000000000000000000000000000000000000000000010000000000000          0004897155363400000000000000000000000000000000000000000037
1022542123500018830940000316741000000                         00000005988801000000DM 00000000000000000000 01060804200025270420                    100420000000000400010400970010804200000250000000000000000000000000000000000000000000000000000000000000000000000000004000000000000000000000000000000000000000000000000000000010000000000000          0000677178867900000000000000000000000000000000000000000038
1022542123500018830940000316741000000                         00000005314201000000DM 00000000000000000000 01090804200022661019                    101019000000000374075630940010804200000100000000000000000000000000000000000000000000000000000000000000000000000000003740000000000000000000000000000000000000000000000000000010000000000000          0004170441060600000000000000000000000000000000000000000039
1022542123500018830940000316741000000                         00000005446001000000DM 00000000000000000000 01090804200025961019                    101019000000000374075630940010804200000100000000000000000000000000000000000000000000000000000000000000000000000000003740000000000000000000000000000000000000000000000000000010000000000000          0009277829168700000000000000000000000000000000000000000040
1022542123500018830940000316741000000                         00000005506701000000DM 00000000000000000000 01090804200026861019                    101019000000000374075630940010804200000100000000000000000000000000000000000000000000000000000000000000000000000000003740000000000000000000000000000000000000000000000000000010000000000000          0003407094060000000000000000000000000000000000000000000041
1022542123500018830940000316741000000                         00000005877501000000DM 00000000000000000000 01090804201000120919                    101019000000000349075630940010804200000100000000000000000000000000000000000000000000000000000000000000000000000000003490000000000000000000000000000000000000000000000000000010000000000000          7097216100012200000000000000000000000000000000000000000042
1022542123500018830940000316741000000                         00000006635101000000DM 00000000000000000000 01060604200002360420                    100420000000000400010400970010604200000250000000000000000000000000000000000000000000000000000000000000000000000000004000000000000000000000000000000000000000000000000000000010000000000000          0000569370264200000000000000000000000000000000000000000043
1022542123500018830940000316741000000                         00000006036801000000DM 00000000000000000000 01060804200017950420                    100420000000000360010400970010804200000250000000000000000000000000000000000000000000000000000000000000000000000000003600000000000000000000000000000000000000000000000000000010000000000000          0000027258068600000000000000000000000000000000000000000044
1022542123500018830940000316741000000                         00000006681001000000DM 00000000000000000000 01060804200008470420                    100420000000000400010400970010804200000250000000000000000000000000000000000000000000000000000000000000000000000000004000000000000000000000000000000000000000000000000000000010000000000000          0000150671660100000000000000000000000000000000000000000045
1022542123500018830940000316741000000                         00000005133901000000DM 00000000000000000000 01090804200014431019                    101019000000000324075630940010804200000100000000000000000000000000000000000000000000000000000000000000000000000000003240000000000000000000000000000000000000000000000000000010000000000000          0000696140365400000000000000000000000000000000000000000046
1022542123500018830940000316741000000                         00000005266301000000DM 00000000000000000000 01090804200017341019                    101019000000000324075630940010804200000100000000000000000000000000000000000000000000000000000000000000000000000000003240000000000000000000000000000000000000000000000000000010000000000000          0006300667766800000000000000000000000000000000000000000047
1022542123500018830940000316741000000                         00000005338901000000DM 00000000000000000000 01090804200022821019                    101019000000000324075630940010804200000100000000000000000000000000000000000000000000000000000000000000000000000000003240000000000000000000000000000000000000000000000000000010000000000000          0007188059365300000000000000000000000000000000000000000048
1022542123500018830940000316741000000                         00000005882201000000DM 00000000000000000000 01090804201000260919                    101019000000004576075630940010804200000100000000000000000000000000000000000000000000000000000000000000000000000000045760000000000000000000000000000000000000000000000000000010000000000000          0098386400017000000000000000000000000000000000000000000049
1022542123500018830940000316741000000                         00000006613001000000DM 00000000000000000000 01060804200005350620                    100620000000000360010400970010804200000250000000000000000000000000000000000000000000000000000000000000000000000000003600000000000000000000000000000000000000000000000000000010000000000000          0000659773163800000000000000000000000000000000000000000050
1022542123500018830940000316741000000                         00000006252001000000DM 00000000000000000000 01060804200028150420                    100420000000000400010400970010804200000250000000000000000000000000000000000000000000000000000000000000000000000000004000000000000000000000000000000000000000000000000000000010000000000000          0001026372666500000000000000000000000000000000000000000051
1022542123500018830940000316741000000                         00000006312701000000DM 00000000000000000000 01060804200004270420                    100420000000000360010400970010804200000250000000000000000000000000000000000000000000000000000000000000000000000000003600000000000000000000000000000000000000000000000000000010000000000000          0000329979965700000000000000000000000000000000000000000052
1022542123500018830940000316741000000                         00000004725101000000DM 00000000000000000000 01090804200004111019                    101019000000000374075630940010804200000100000000000000000000000000000000000000000000000000000000000000000000000000003740000000000000000000000000000000000000000000000000000010000000000000          0007246051260000000000000000000000000000000000000000000053
1022542123500018830940000316741000000                         00000005542201000000DM 00000000000000000000 01090804200027501019                    101019000000000374075630940010804200000100000000000000000000000000000000000000000000000000000000000000000000000000003740000000000000000000000000000000000000000000000000000010000000000000          0000282899960200000000000000000000000000000000000000000054
1022542123500018830940000316741000000                         00000005602001000000DM 00000000000000000000 01090804200028971019                    101019000000000374075630940010804200000100000000000000000000000000000000000000000000000000000000000000000000000000003740000000000000000000000000000000000000000000000000000010000000000000          0005968516666800000000000000000000000000000000000000000055
1022542123500018830940000316741000000                         00000005686801000000DM 00000000000000000000 01090804200030331019                    101019000000000374075630940010804200000100000000000000000000000000000000000000000000000000000000000000000000000000003740000000000000000000000000000000000000000000000000000010000000000000          0008285259668700000000000000000000000000000000000000000056
1022542123500018830940000316741000000                         00000006120201000000DM 00000000000000000000 01060704200029010420                    100420000000000400010400970010704200000250000000000000000000000000000000000000000000000000000000000000000000000000004000000000000000000000000000000000000000000000000000000010000000000000          0002483652468700000000000000000000000000000000000000000057
1022542123500018830940000316741000000                         00000006264801000000DM 00000000000000000000 01060304200030140420                    100420000000000400010400970010304200000250000000000000000000000000000000000000000000000000000000000000000000000000004000000000000000000000000000000000000000000000000000000010000000000000          0000506908968400000000000000000000000000000000000000000058
1022542123500018830940000316741000000                         00000004821401000000DM 00000000000000000000 01090804200004911019                    101019000000000324075630940010804200000100000000000000000000000000000000000000000000000000000000000000000000000000003240000000000000000000000000000000000000000000000000000010000000000000          0002624052160400000000000000000000000000000000000000000059
1022542123500018830940000316741000000                         00000004893401000000DM 00000000000000000000 01090804200006511019                    101019000000000324075630940010804200000100000000000000000000000000000000000000000000000000000000000000000000000000003240000000000000000000000000000000000000000000000000000010000000000000          0006345744697000000000000000000000000000000000000000000060
1022542123500018830940000316741000000                         00000005626601000000DM 00000000000000000000 01090804200029061019                    101019000000000374075630940010804200000100000000000000000000000000000000000000000000000000000000000000000000000000003740000000000000000000000000000000000000000000000000000010000000000000          0007331229087200000000000000000000000000000000000000000061
1022542123500018830940000316741000000                         00000005698601000000DM 00000000000000000000 01090804200030681019                    101019000000000374075630940010804200000100000000000000000000000000000000000000000000000000000000000000000000000000003740000000000000000000000000000000000000000000000000000010000000000000          0000377887650300000000000000000000000000000000000000000062
1022542123500018830940000316741000000                         00000005883001000000DM 00000000000000000000 01090804201000271019                    101019000000002072075630940010804200000100000000000000000000000000000000000000000000000000000000000000000000000000020720000000000000000000000000000000000000000000000000000010000000000000          0534793700015100000000000000000000000000000000000000000063
1022542123500018830940000316741000000                         00000006096001000000DM 00000000000000000000 01060804200016360420                    100420000000000400010400970010804200000250000000000000000000000000000000000000000000000000000000000000000000000000004000000000000000000000000000000000000000000000000000000010000000000000          0004340692069100000000000000000000000000000000000000000064
1022542123500018830940000316741000000                         00000006611501000000DM 00000000000000000000 01060704200005350420                    100420000000000360010400970010704200000250000000000000000000000000000000000000000000000000000000000000000000000000003600000000000000000000000000000000000000000000000000000010000000000000          0000659773163800000000000000000000000000000000000000000065
1022542123500018830940000316741000000                         00000006024001000000DM 00000000000000000000 01060804200013270420                    100420000000000360010400970010804200000250000000000000000000000000000000000000000000000000000000000000000000000000003600000000000000000000000000000000000000000000000000000010000000000000          0005974586069700000000000000000000000000000000000000000066
9027563094SICOOB CREDIARA          R D BOSCO                                         Centro                        38183228Araxá                         MG130420200000006500000000113                                                                                                                                                                                                                    000067
