02RETORNO01COBRANÇA       30940000327964316741J REZENDE                     756 - BANCOOB S/A 1308180000249                                                                                                                                                                                                                                                                                               000001
1022542123500018830940000316741000000                         00000004011601000000DM 00000000000000000000 01091008180027000218                    100218000000000374075630940011008180000100000000000000000000000000000000000000000000000000000000000000000000000000003740000000000000000000000000000000000000000000000000000010000000000000          0000487456467400000000000000000000000000000000000000000002
1022542123500018830940000316741000000                         00000004137901000000DM 00000000000000000000 01060908180027500818                    100818000000000374010400970010908180000250000000000000000000000000000000000000000000000000000000000000000000000000003740000000000000000000000000000000000000000000000000000010000000000000          0000282899960200000000000000000000000000000000000000000003
1022542123500018830940000316741000000                         00000004213401000000DM 00000000000000000000 01091008180030430218                    100218000000000374075630940011008180000100000000000000000000000000000000000000000000000000000000000000000000000000003740000000000000000000000000000000000000000000000000000010000000000000          0000394635469600000000000000000000000000000000000000000004
1022542123500018830940000316741000000                         00000003562101000000DM 00000000000000000000 01091008180022820218                    100218000000000324075630940011008180000100000000000000000000000000000000000000000000000000000000000000000000000000003240000000000000000000000000000000000000000000000000000010000000000000          0007188059365300000000000000000000000000000000000000000005
1022542123500018830940000316741000000                         00000003616401000000DM 00000000000000000000 01060908180028150818                    100818000000000374010400970010908180000250000000000000000000000000000000000000000000000000000000000000000000000000003740000000000000000000000000000000000000000000000000000010000000000000          0001026372666500000000000000000000000000000000000000000006
1022542123500018830940000316741000000                         00000003939901000000DM 00000000000000000000 01091008180026060218                    100218000000000374075630940011008180000100000000000000000000000000000000000000000000000000000000000000000000000000003740000000000000000000000000000000000000000000000000000010000000000000          0004341197568700000000000000000000000000000000000000000007
1022542123500018830940000316741000000                         00000003987201000000DM 00000000000000000000 01091008180026750218                    100218000000000374075630940011008180000100000000000000000000000000000000000000000000000000000000000000000000000000003740000000000000000000000000000000000000000000000000000010000000000000          0001130201368800000000000000000000000000000000000000000008
1022542123500018830940000316741000000                         00000003011701000000DM 00000000000000000000 01091008180007430218                    100218000000000324075630940011008180000100000000000000000000000000000000000000000000000000000000000000000000000000003240000000000000000000000000000000000000000000000000000010000000000000          0000653259166100000000000000000000000000000000000000000009
1022542123500018830940000316741000000                         00000004518601000000DM 00000000000000000000 01091008181000180118                    100218000000003595375630940011008180000100000000000000000000000000000000000000000000000000000000000000000000000000035953000000000000000000000000000000000000000000000000000010000000000000          1823706600016500000000000000000000000000000000000000000010
1022542123500018830940000316741000000                         00000003071901000000DM 00000000000000000000 01091008180008470218                    100218000000000374075630940011008180000100000000000000000000000000000000000000000000000000000000000000000000000000003740000000000000000000000000000000000000000000000000000010000000000000          0000150671660100000000000000000000000000000000000000000011
1022542123500018830940000316741000000                         00000003783001000000DM 00000000000000000000 01091008180029770218                    100218000000000374075630940011008180000100000000000000000000000000000000000000000000000000000000000000000000000000003740000000000000000000000000000000000000000000000000000010000000000000          0006219557360000000000000000000000000000000000000000000012
1022542123500018830940000316741000000                         00000003795801000000DM 00000000000000000000 01091008180030640218                    100218000000000374075630940011008180000100000000000000000000000000000000000000000000000000000000000000000000000000003740000000000000000000000000000000000000000000000000000010000000000000          0000507097947700000000000000000000000000000000000000000013
1022542123500018830940000316741000000                         00000003843701000000DM 00000000000000000000 01091008180030290218                    100218000000000374075630940011008180000100000000000000000000000000000000000000000000000000000000000000000000000000003740000000000000000000000000000000000000000000000000000010000000000000          0001252081260500000000000000000000000000000000000000000014
1022542123500018830940000316741000000                         00000002773701000000DM 00000000000000000000 01060908180001140818                    100818000000000324010400970010908180000250000000000000000000000000000000000000000000000000000000000000000000000000003240000000000000000000000000000000000000000000000000000010000000000000          0004897155363400000000000000000000000000000000000000000015
1022542123500018830940000316741000000                         00000002809701000000DM 00000000000000000000 01060908180002560818                    100818000000000324075630940010908180000250000000000000000000000000000000000000000000000000000000000000000000000000003240000000000000000000000000000000000000000000000000000010000000000000          0000474784860600000000000000000000000000000000000000000016
1022542123500018830940000316741000000                         00000002875301000000DM 00000000000000000000 01091008180004230218                    100218000000000324075630940011008180000100000000000000000000000000000000000000000000000000000000000000000000000000003240000000000000000000000000000000000000000000000000000010000000000000          0005724833867200000000000000000000000000000000000000000017
1022542123500018830940000316741000000                         00000002975501000000DM 00000000000000000000 01091008180004730218                    100218000000000324075630940011008180000100000000000000000000000000000000000000000000000000000000000000000000000000003240000000000000000000000000000000000000000000000000000010000000000000          0004063987868700000000000000000000000000000000000000000018
1022542123500018830940000316741000000                         00000003053601000000DM 00000000000000000000 01060908180008410818                    100818000000000324010400970010908180000250000000000000000000000000000000000000000000000000000000000000000000000000003240000000000000000000000000000000000000000000000000000010000000000000          0004459589168700000000000000000000000000000000000000000019
1022542123500018830940000316741000000                         00000003101501000000DM 00000000000000000000 01060908180009010818                    100818000000000324010400970010908180000250000000000000000000000000000000000000000000000000000000000000000000000000003240000000000000000000000000000000000000000000000000000010000000000000          0009470166060400000000000000000000000000000000000000000020
1022542123500018830940000316741000000                         00000003443001000000DM 00000000000000000000 01091008180015840218                    100218000000000324075630940011008180000100000000000000000000000000000000000000000000000000000000000000000000000000003240000000000000000000000000000000000000000000000000000010000000000000          0006872201061000000000000000000000000000000000000000000021
1022542123500018830940000316741000000                         00000004501101000000DM 00000000000000000000 01060908180030680818                    100818000000000374010400970010908180000250000000000000000000000000000000000000000000000000000000000000000000000000003740000000000000000000000000000000000000000000000000000010000000000000          0000377887650300000000000000000000000000000000000000000022
1022542123500018830940000316741000000                         00000004627401000000DM 00000000000000000000 01061008181000110718                    100818000000002094075630940011008180000250000000000000000000000000000000000000000000000000000000000000000000000000020940000000000000000000000000000000000000000000000000000010000000000000          3874637600038400000000000000000000000000000000000000000023
1022542123500018830940000316741000000                         00000002797301000000DM 00000000000000000000 01060908180002470818                    100818000000000324010400970010908180000250000000000000000000000000000000000000000000000000000000000000000000000000003240000000000000000000000000000000000000000000000000000010000000000000          0000356167569700000000000000000000000000000000000000000024
1022542123500018830940000316741000000                         00000002869901000000DM 00000000000000000000 01060908180004220818                    100818000000000324010400970010908180000250000000000000000000000000000000000000000000000000000000000000000000000000003240000000000000000000000000000000000000000000000000000010000000000000          0007415855469100000000000000000000000000000000000000000025
1022542123500018830940000316741000000                         00000003622901000000DM 00000000000000000000 01091008180027570218                    100218000000000374075630940011008180000100000000000000000000000000000000000000000000000000000000000000000000000000003740000000000000000000000000000000000000000000000000000010000000000000          0000699499364700000000000000000000000000000000000000000026
1022542123500018830940000316741000000                         00000003861001000000DM 00000000000000000000 01061008180030330818                    100818000000000374010400970011008180000250000000000000000000000000000000000000000000000000000000000000000000000000003740000000000000000000000000000000000000000000000000000010000000000000          0008285259668700000000000000000000000000000000000000000027
1022542123500018830940000316741000000                         00000003903401000000DM 00000000000000000000 01091008180025530218                    100218000000000374075630940011008180000100000000000000000000000000000000000000000000000000000000000000000000000000003740000000000000000000000000000000000000000000000000000010000000000000          0000588234869200000000000000000000000000000000000000000028
1022542123500018830940000316741000000                         00000002927101000000DM 00000000000000000000 01091008180001270218                    100218000000000324075630940011008180000100000000000000000000000000000000000000000000000000000000000000000000000000003240000000000000000000000000000000000000000000000000000010000000000000          0000557190363500000000000000000000000000000000000000000029
1022542123500018830940000316741000000                         00000002939001000000DM 00000000000000000000 01091008180004600218                    100218000000000324075630940011008180000100000000000000000000000000000000000000000000000000000000000000000000000000003240000000000000000000000000000000000000000000000000000010000000000000          0004085395076800000000000000000000000000000000000000000030
1022542123500018830940000316741000000                         00000004383101000000DM 00000000000000000000 01091008180030440218                    100218000000000374075630940011008180000100000000000000000000000000000000000000000000000000000000000000000000000000003740000000000000000000000000000000000000000000000000000010000000000000          0000119164868000000000000000000000000000000000000000000031
1022542123500018830940000316741000000                         00000002808001000000DM 00000000000000000000 01060908180002560718                    100718000000000324075630940010908180000250000000000000000000000000000000000000000000000000000000000000000000000000003276000000000003600000000000000000000000000000000000000010000000000000          0000474784860600000000000000000000000000000000000000000032
1022542123500018830940000316741000000                         00000003245001000000DM 00000000000000000000 01060908180010460818                    100818000000000324010400970010908180000250000000000000000000000000000000000000000000000000000000000000000000000000003240000000000000000000000000000000000000000000000000000010000000000000          0000013014064300000000000000000000000000000000000000000033
1022542123500018830940000316741000000                         00000004029801000000DM 00000000000000000000 01060908180027130818                    100818000000000374010400970010908180000250000000000000000000000000000000000000000000000000000000000000000000000000003740000000000000000000000000000000000000000000000000000010000000000000          0009652261564900000000000000000000000000000000000000000034
1022542123500018830940000316741000000                         00000004215901000000DM 00000000000000000000 01091008180004910218                    100218000000000324075630940011008180000100000000000000000000000000000000000000000000000000000000000000000000000000003240000000000000000000000000000000000000000000000000000010000000000000          0002624052160400000000000000000000000000000000000000000035
1022542123500018830940000316741000000                         00000003819001000000DM 00000000000000000000 01091008180030110218                    100218000000000374075630940011008180000100000000000000000000000000000000000000000000000000000000000000000000000000003740000000000000000000000000000000000000000000000000000010000000000000          0001104048469700000000000000000000000000000000000000000036
1022542123500018830940000316741000000                         00000003891001000000DM 00000000000000000000 01091008180025420218                    100218000000000374075630940011008180000100000000000000000000000000000000000000000000000000000000000000000000000000003740000000000000000000000000000000000000000000000000000010000000000000          0002891803760000000000000000000000000000000000000000000037
1022542123500018830940000316741000000                         00000003347701000000DM 00000000000000000000 01091008180024350218                    100218000000000324075630940011008180000100000000000000000000000000000000000000000000000000000000000000000000000000003240000000000000000000000000000000000000000000000000000010000000000000          0008566563069100000000000000000000000000000000000000000038
1022542123500018830940000316741000000                         00000003526601000000DM 00000000000000000000 01091008180022630218                    100218000000000324075630940011008180000100000000000000000000000000000000000000000000000000000000000000000000000000003240000000000000000000000000000000000000000000000000000010000000000000          0002485828563400000000000000000000000000000000000000000039
1022542123500018830940000316741000000                         00000004448501000000DM 00000000000000000000 01091008180017950218                    100218000000000324075630940011008180000100000000000000000000000000000000000000000000000000000000000000000000000000003240000000000000000000000000000000000000000000000000000010000000000000          0000027258068600000000000000000000000000000000000000000040
1022542123500018830940000316741000000                         00000004514701000000DM 00000000000000000000 01091008181000140118                    100218000000000374075630940011008180000100000000000000000000000000000000000000000000000000000000000000000000000000003740000000000000000000000000000000000000000000000000000010000000000000          3874637600046500000000000000000000000000000000000000000041
1022542123500018830940000316741000000                         00000003083701000000DM 00000000000000000000 01091008180008690218                    100218000000000324075630940011008180000100000000000000000000000000000000000000000000000000000000000000000000000000003240000000000000000000000000000000000000000000000000000010000000000000          0000027442861000000000000000000000000000000000000000000042
1022542123500018830940000316741000000                         00000003113301000000DM 00000000000000000000 01060908180005350818                    100818000000000324010400970010908180000250000000000000000000000000000000000000000000000000000000000000000000000000003240000000000000000000000000000000000000000000000000000010000000000000          0000659773163800000000000000000000000000000000000000000043
1022542123500018830940000316741000000                         00000003131601000000DM 00000000000000000000 01091008180005450218                    100218000000000324075630940011008180000100000000000000000000000000000000000000000000000000000000000000000000000000003240000000000000000000000000000000000000000000000000000010000000000000          0003013578866800000000000000000000000000000000000000000044
1022542123500018830940000316741000000                         00000003257901000000DM 00000000000000000000 01060908180011060818                    100818000000000324075630940010908180000250000000000000000000000000000000000000000000000000000000000000000000000000003240000000000000000000000000000000000000000000000000000010000000000000          0000306014564400000000000000000000000000000000000000000045
1022542123500018830940000316741000000                         00000004155101000000DM 00000000000000000000 01091008180002360218                    100218000000000374075630940011008180000100000000000000000000000000000000000000000000000000000000000000000000000000003740000000000000000000000000000000000000000000000000000010000000000000          0000569370264200000000000000000000000000000000000000000046
1022542123500018830940000316741000000                         00000002827001000000DM 00000000000000000000 01091008180003720218                    100218000000000324075630940011008180000100000000000000000000000000000000000000000000000000000000000000000000000000003240000000000000000000000000000000000000000000000000000010000000000000          0000595338569200000000000000000000000000000000000000000047
1022542123500018830940000316741000000                         00000002987301000000DM 00000000000000000000 01091008180006790218                    100218000000000374075630940011008180000100000000000000000000000000000000000000000000000000000000000000000000000000003740000000000000000000000000000000000000000000000000000010000000000000          0003619380163400000000000000000000000000000000000000000048
1022542123500018830940000316741000000                         00000003365001000000DM 00000000000000000000 01061008180024530818                    100818000000000374010400970011008180000250000000000000000000000000000000000000000000000000000000000000000000000000003740000000000000000000000000000000000000000000000000000010000000000000          0003607094764900000000000000000000000000000000000000000049
1022542123500018830940000316741000000                         00000003407401000000DM 00000000000000000000 01091008180025830218                    100218000000000374075630940011008180000100000000000000000000000000000000000000000000000000000000000000000000000000003740000000000000000000000000000000000000000000000000000010000000000000          0000512870969800000000000000000000000000000000000000000050
1022542123500018830940000316741000000                         00000003473001000000DM 00000000000000000000 01060908180016360818                    100818000000000374010400970010908180000250000000000000000000000000000000000000000000000000000000000000000000000000003740000000000000000000000000000000000000000000000000000010000000000000          0004340692069100000000000000000000000000000000000000000051
1022542123500018830940000316741000000                         00000003479401000000DM 00000000000000000000 01091008180017120218                    100218000000000324075630940011008180000100000000000000000000000000000000000000000000000000000000000000000000000000003240000000000000000000000000000000000000000000000000000010000000000000          0006761282268700000000000000000000000000000000000000000052
1022542123500018830940000316741000000                         00000003509001000000DM 00000000000000000000 01061008180017340818                    100818000000000324010400970011008180000250000000000000000000000000000000000000000000000000000000000000000000000000003240000000000000000000000000000000000000000000000000000010000000000000          0006300667766800000000000000000000000000000000000000000053
1022542123500018830940000316741000000                         00000004275001000000DM 00000000000000000000 01091008180030620218                    100218000000000374075630940011008180000100000000000000000000000000000000000000000000000000000000000000000000000000003740000000000000000000000000000000000000000000000000000010000000000000          0001347627260500000000000000000000000000000000000000000054
1022542123500018830940000316741000000                         00000004628101000000DM 00000000000000000000 01061008181000140718                    100818000000000349075630940011008180000250000000000000000000000000000000000000000000000000000000000000000000000000003490000000000000000000000000000000000000000000000000000010000000000000          3874637600046500000000000000000000000000000000000000000055
1022542123500018830940000316741000000                         00000004630701000000DM 00000000000000000000 01061008181000210718                    100818000000000526575640790011008180000250000000000000000000000000000000000000000000000000000000000000000000000000005265000000000000000000000000000000000000000000000000000010000000000000          6522717500018100000000000000000000000000000000000000000056
1022542123500018830940000316741000000                         00000003550301000000DM 00000000000000000000 01091008180022690218                    100218000000000374075630940011008180000100000000000000000000000000000000000000000000000000000000000000000000000000003740000000000000000000000000000000000000000000000000000010000000000000          0006307307269100000000000000000000000000000000000000000057
1022542123500018830940000316741000000                         00000003706201000000DM 00000000000000000000 01091008180029160218                    100218000000000374075630940011008180000100000000000000000000000000000000000000000000000000000000000000000000000000003740000000000000000000000000000000000000000000000000000010000000000000          0001248442318700000000000000000000000000000000000000000058
1022542123500018830940000316741000000                         00000003724501000000DM 00000000000000000000 01061008180029220818                    100818000000000374000102100011008180000250000000000000000000000000000000000000000000000000000000000000000000000000003740000000000000000000000000000000000000000000000000000010000000000000          0005554795862000000000000000000000000000000000000000000059
1022542123500018830940000316741000000                         00000003957101000000DM 00000000000000000000 01061008180026650818                    100818000000000374034109440011008180000250000000000000000000000000000000000000000000000000000000000000000000000000003740000000000000000000000000000000000000000000000000000010000000000000          0000694769266000000000000000000000000000000000000000000060
1022542123500018830940000316741000000                         00000003969001000000DM 00000000000000000000 01060908180026710818                    100818000000000374034109440010908180000250000000000000000000000000000000000000000000000000000000000000000000000000003740000000000000000000000000000000000000000000000000000010000000000000          0005764341515300000000000000000000000000000000000000000061
1022542123500018830940000316741000000                         00000004035201000000DM 00000000000000000000 01091008180014420218                    100218000000000324075630940011008180000100000000000000000000000000000000000000000000000000000000000000000000000000003240000000000000000000000000000000000000000000000000000010000000000000          0000534757766500000000000000000000000000000000000000000062
1022542123500018830940000316741000000                         00000004107801000000DM 00000000000000000000 01091008180015230218                    100218000000000324075630940011008180000100000000000000000000000000000000000000000000000000000000000000000000000000003240000000000000000000000000000000000000000000000000000010000000000000          0003225778362000000000000000000000000000000000000000000063
1022542123500018830940000316741000000                         00000004179801000000DM 00000000000000000000 01091008180026730218                    100218000000000374075630940011008180000100000000000000000000000000000000000000000000000000000000000000000000000000003740000000000000000000000000000000000000000000000000000010000000000000          0000945536569300000000000000000000000000000000000000000064
1022542123500018830940000316741000000                         00000004191701000000DM 00000000000000000000 01091008180030420218                    100218000000000374075630940011008180000100000000000000000000000000000000000000000000000000000000000000000000000000003740000000000000000000000000000000000000000000000000000010000000000000          0001076302165200000000000000000000000000000000000000000065
1022542123500018830940000316741000000                         00000004227701000000DM 00000000000000000000 01091008180030460218                    100218000000000374075630940011008180000100000000000000000000000000000000000000000000000000000000000000000000000000003740000000000000000000000000000000000000000000000000000010000000000000          0000149822561600000000000000000000000000000000000000000066
1022542123500018830940000316741000000                         00000003305801000000DM 00000000000000000000 01061008180012340818                    100818000000000324010400970011008180000250000000000000000000000000000000000000000000000000000000000000000000000000003240000000000000000000000000000000000000000000000000000010000000000000          0008461066260400000000000000000000000000000000000000000067
1022542123500018830940000316741000000                         00000004462901000000DM 00000000000000000000 01091008180030670218                    100218000000000374075630940011008180000100000000000000000000000000000000000000000000000000000000000000000000000000003740000000000000000000000000000000000000000000000000000010000000000000          0004937862766800000000000000000000000000000000000000000068
1022542123500018830940000316741000000                         00000002845201000000DM 00000000000000000000 01060908180004110818                    100818000000000374010400970010908180000250000000000000000000000000000000000000000000000000000000000000000000000000003740000000000000000000000000000000000000000000000000000010000000000000          0007246051260000000000000000000000000000000000000000000069
1022542123500018830940000316741000000                         00000004089001000000DM 00000000000000000000 01060908180014700818                    100818000000000324010400970010908180000250000000000000000000000000000000000000000000000000000000000000000000000000003240000000000000000000000000000000000000000000000000000010000000000000          0008318973461500000000000000000000000000000000000000000070
1022542123500018830940000316741000000                         00000004125001000000DM 00000000000000000000 01060908180004270818                    100818000000000324010400970010908180000250000000000000000000000000000000000000000000000000000000000000000000000000003240000000000000000000000000000000000000000000000000000010000000000000          0000329979965700000000000000000000000000000000000000000071
1022542123500018830940000316741000000                         00000004143301000000DM 00000000000000000000 01091008180025310218                    100218000000000374075630940011008180000100000000000000000000000000000000000000000000000000000000000000000000000000003740000000000000000000000000000000000000000000000000000010000000000000          0000797618260900000000000000000000000000000000000000000072
1022542123500018830940000316741000000                         00000004263201000000DM 00000000000000000000 01091008180030590218                    100218000000000374075630940011008180000100000000000000000000000000000000000000000000000000000000000000000000000000003740000000000000000000000000000000000000000000000000000010000000000000          0002738312160000000000000000000000000000000000000000000073
1022542123500018830940000316741000000                         00000003760001000000DM 00000000000000000000 01061008180029700818                    100818000000000374010400970011008180000250000000000000000000000000000000000000000000000000000000000000000000000000003740000000000000000000000000000000000000000000000000000010000000000000          0000214486281800000000000000000000000000000000000000000074
1022542123500018830940000316741000000                         00000003095501000000DM 00000000000000000000 01091008180009010218                    100218000000000324075630940011008180000100000000000000000000000000000000000000000000000000000000000000000000000000003240000000000000000000000000000000000000000000000000000010000000000000          0009470166060400000000000000000000000000000000000000000075
1022542123500018830940000316741000000                         00000003149801000000DM 00000000000000000000 01061008180005930818                    100818000000000324010400970011008180000250000000000000000000000000000000000000000000000000000000000000000000000000003240000000000000000000000000000000000000000000000000000010000000000000          0003023575860400000000000000000000000000000000000000000076
1022542123500018830940000316741000000                         00000003161701000000DM 00000000000000000000 01061008180006480818                    100818000000000374010400970011008180000250000000000000000000000000000000000000000000000000000000000000000000000000003740000000000000000000000000000000000000000000000000000010000000000000          0001612677762000000000000000000000000000000000000000000077
1022542123500018830940000316741000000                         00000003197101000000DM 00000000000000000000 01060908180009530818                    100818000000000324003334670010908180000250000000000000000000000000000000000000000000000000000000000000000000000000003240000000000000000000000000000000000000000000000000000010000000000000          0004361846464900000000000000000000000000000000000000000078
1022542123500018830940000316741000000                         00000003341301000000DM 00000000000000000000 01061008180023970818                    100818000000000374010400970011008180000250000000000000000000000000000000000000000000000000000000000000000000000000003740000000000000000000000000000000000000000000000000000010000000000000          0007188737762000000000000000000000000000000000000000000079
1022542123500018830940000316741000000                         00000003395001000000DM 00000000000000000000 01091008180017830218                    100218000000000324075630940011008180000100000000000000000000000000000000000000000000000000000000000000000000000000003240000000000000000000000000000000000000000000000000000010000000000000          0007674540669100000000000000000000000000000000000000000080
1022542123500018830940000316741000000                         00000002905001000000DM 00000000000000000000 01060908180004530818                    100818000000000374010400970010908180000250000000000000000000000000000000000000000000000000000000000000000000000000003740000000000000000000000000000000000000000000000000000010000000000000          0000786278560600000000000000000000000000000000000000000081
1022542123500018830940000316741000000                         00000002999101000000DM 00000000000000000000 01091008180007200218                    100218000000000324075630940011008180000100000000000000000000000000000000000000000000000000000000000000000000000000003240000000000000000000000000000000000000000000000000000010000000000000          0003609756063000000000000000000000000000000000000000000082
1022542123500018830940000316741000000                         00000004519301000000DM 00000000000000000000 01091008180025540218                    100218000000000349075630940011008180000100000000000000000000000000000000000000000000000000000000000000000000000000003490000000000000000000000000000000000000000000000000000010000000000000          0006612599561500000000000000000000000000000000000000000083
1022542123500018830940000316741000000                         00000003215001000000DM 00000000000000000000 01091008180010200218                    100218000000000374075630940011008180000100000000000000000000000000000000000000000000000000000000000000000000000000003740000000000000000000000000000000000000000000000000000010000000000000          0003616071763400000000000000000000000000000000000000000084
1022542123500018830940000316741000000                         00000003227801000000DM 00000000000000000000 01091008180010210218                    100218000000000324075630940011008180000100000000000000000000000000000000000000000000000000000000000000000000000000003240000000000000000000000000000000000000000000000000000010000000000000          0007187518269100000000000000000000000000000000000000000085
1022542123500018830940000316741000000                         00000003275101000000DM 00000000000000000000 01091008180012200218                    100218000000000324075630940011008180000100000000000000000000000000000000000000000000000000000000000000000000000000003240000000000000000000000000000000000000000000000000000010000000000000          0005183755876000000000000000000000000000000000000000000086
1022542123500018830940000316741000000                         00000003311201000000DM 00000000000000000000 01091008180013270218                    100218000000000324075630940011008180000100000000000000000000000000000000000000000000000000000000000000000000000000003240000000000000000000000000000000000000000000000000000010000000000000          0005974586069700000000000000000000000000000000000000000087
1022542123500018830940000316741000000                         00000003574001000000DM 00000000000000000000 01091008180023040218                    100218000000000374075630940011008180000100000000000000000000000000000000000000000000000000000000000000000000000000003740000000000000000000000000000000000000000000000000000010000000000000          0004225353567200000000000000000000000000000000000000000088
1022542123500018830940000316741000000                         00000004047001000000DM 00000000000000000000 01091008180014430218                    100218000000000324075630940011008180000100000000000000000000000000000000000000000000000000000000000000000000000000003240000000000000000000000000000000000000000000000000000010000000000000          0000696140365400000000000000000000000000000000000000000089
1022542123500018830940000316741000000                         00000004065301000000DM 00000000000000000000 01060908180014480818                    100818000000000324010400970010908180000250000000000000000000000000000000000000000000000000000000000000000000000000003240000000000000000000000000000000000000000000000000000010000000000000          0005227926069700000000000000000000000000000000000000000090
1022542123500018830940000316741000000                         00000004113201000000DM 00000000000000000000 01061008180015230818                    100818000000000324010400970011008180000250000000000000000000000000000000000000000000000000000000000000000000000000003240000000000000000000000000000000000000000000000000000010000000000000          0003225778362000000000000000000000000000000000000000000091
1022542123500018830940000316741000000                         00000004239501000000DM 00000000000000000000 01091008180030470218                    100218000000000374075630940011008180000100000000000000000000000000000000000000000000000000000000000000000000000000003740000000000000000000000000000000000000000000000000000010000000000000          0008118869261500000000000000000000000000000000000000000092
1022542123500018830940000316741000000                         00000004257801000000DM 00000000000000000000 01060908180029060818                    100818000000000374010400970010908180000250000000000000000000000000000000000000000000000000000000000000000000000000003740000000000000000000000000000000000000000000000000000010000000000000          0007331229087200000000000000000000000000000000000000000093
1022542123500018830940000316741000000                         00000002857001000000DM 00000000000000000000 01060908180004140818                    100818000000000374003334670010908180000250000000000000000000000000000000000000000000000000000000000000000000000000003740000000000000000000000000000000000000000000000000000010000000000000          0000303613564200000000000000000000000000000000000000000094
1022542123500018830940000316741000000                         00000003317601000000DM 00000000000000000000 01060908180013270818                    100818000000000324010400970010908180000250000000000000000000000000000000000000000000000000000000000000000000000000003240000000000000000000000000000000000000000000000000000010000000000000          0005974586069700000000000000000000000000000000000000000095
1022542123500018830940000316741000000                         00000003455801000000DM 00000000000000000000 01091008180015980218                    100218000000000324075630940011008180000100000000000000000000000000000000000000000000000000000000000000000000000000003240000000000000000000000000000000000000000000000000000010000000000000          0007886934067800000000000000000000000000000000000000000096
9027563094SICOOB CREDIARA          RUA MARIA RITA DE AGUIAR                          CENTRO                        38183236ARAXÁ                         MG130820180000009500000000113                                                                                                                                                                                                                    000097
