02RETORNO01COBRANÇA       30940000327964316741J REZENDE                     756 - BANCOOB S/A 0608180000247                                                                                                                                                                                                                                                                                               000001
1022542123500018830940000316741000000                         00000003543101000000DM 00000000000000000000 01060608180022660718                    100718000000000374075630940010608180000250000000000000000000000000000000000000000000000000000000000000000000000000004151000000000041100000000000000000000000000000000000000010000000000000          0004170441060600000000000000000000000000000000000000000002
1022542123500018830940000316741000000                         00000004077101000000DM 00000000000000000000 01060308180014580818                    100818000000000324010400970010308180000250000000000000000000000000000000000000000000000000000000000000000000000000003240000000000000000000000000000000000000000000000000000010000000000000          0002361630010000000000000000000000000000000000000000000003
1022542123500018830940000316741000000                         00000004101401000000DM 00000000000000000000 01060308180014950818                    100818000000000324010400970010308180000250000000000000000000000000000000000000000000000000000000000000000000000000003240000000000000000000000000000000000000000000000000000010000000000000          0000136752462800000000000000000000000000000000000000000004
1022542123500018830940000316741000000                         00000003399001000000DM 00000000000000000000 01060108180017830618                    100618000000000324075630940010108180000250000000000000000000000000000000000000000000000000000000000000000000000000003300000000000006000000000000000000000000000000000000000010000000000000          0007674540669100000000000000000000000000000000000000000005
1022542123500018830940000316741000000                         00000003400301000000DM 00000000000000000000 01060108180017830718                    100718000000000324075630940010108180000250000000000000000000000000000000000000000000000000000000000000000000000000003267000000000002700000000000000000000000000000000000000010000000000000          0007674540669100000000000000000000000000000000000000000006
1022542123500018830940000316741000000                         00000003544901000000DM 00000000000000000000 01060608180022660818                    100818000000000374075630940010608180000250000000000000000000000000000000000000000000000000000000000000000000000000003740000000000000000000000000000000000000000000000000000010000000000000          0004170441060600000000000000000000000000000000000000000007
1022542123500018830940000316741000000                         00000003640101000000DM 00000000000000000000 01060308180028160818                    100818000000000374010400970010308180000250000000000000000000000000000000000000000000000000000000000000000000000000003740000000000000000000000000000000000000000000000000000010000000000000          0008257197068200000000000000000000000000000000000000000008
1022542123500018830940000316741000000                         00000004161601000000DM 00000000000000000000 01060608180002360818                    100818000000000374010400970010608180000250000000000000000000000000000000000000000000000000000000000000000000000000003740000000000000000000000000000000000000000000000000000010000000000000          0000569370264200000000000000000000000000000000000000000009
1022542123500018830940000316741000000                         00000003042501000000DM 00000000000000000000 01060608180004160918                    100918000000000324034109440010608180000250000000000000000000000000000000000000000000000000000000000000000000000000003240000000000000000000000000000000000000000000000000000010000000000000          0009147587261500000000000000000000000000000000000000000010
1022542123500018830940000316741000000                         00000003885601000000DM 00000000000000000000 01060208180025190818                    100818000000000374010407080010208180000250000000000000000000000000000000000000000000000000000000000000000000000000003740000000000000000000000000000000000000000000000000000010000000000000          0008540006863400000000000000000000000000000000000000000011
1022542123500018830940000316741000000                         00000003521001000000DM 00000000000000000000 01060608180017750818                    100818000000000324010400970010608180000250000000000000000000000000000000000000000000000000000000000000000000000000003240000000000000000000000000000000000000000000000000000010000000000000          0002729843469100000000000000000000000000000000000000000012
1022542123500018830940000316741000000                         00000002761901000000DM 00000000000000000000 01060608180000410818                    100818000000000324010400970010608180000250000000000000000000000000000000000000000000000000000000000000000000000000003240000000000000000000000000000000000000000000000000000010000000000000          0000565324365500000000000000000000000000000000000000000013
1022542123500018830940000316741000000                         00000004525801000000DM 00000000000000000000 01060608180025540818                    100818000000000349003334670010608180000250000000000000000000000000000000000000000000000000000000000000000000000000003490000000000000000000000000000000000000000000000000000010000000000000          0006612599561500000000000000000000000000000000000000000014
1022542123500018830940000316741000000                         00000002969001000000DM 00000000000000000000 01060608180004350818                    100818000000000324010401420010608180000250000000000000000000000000000000000000000000000000000000000000000000000000003240000000000000000000000000000000000000000000000000000010000000000000          0001514063611500000000000000000000000000000000000000000015
9027563094SICOOB CREDIARA          RUA MARIA RITA DE AGUIAR                          CENTRO                        38183236ARAXÁ                         MG080820180000001400000000113                                                                                                                                                                                                                    000016
