02RETORNO01COBRANÇA       30940000327964316741J REZENDE                     756 - BANCOOB S/A 2008180000250                                                                                                                                                                                                                                                                                               000001
1022542123500018830940000316741000000                         00000003688401000000DM 00000000000000000000 01061408180028970818                    100818000000000374075630940011408180000250000000000000000000000000000000000000000000000000000000000000000000000000003748000000000000800000000000000000000000000000000000000010000000000000          0005968516666800000000000000000000000000000000000000000002
1022542123500018830940000316741000000                         00000003742801000000DM 00000000000000000000 01091608180029680218                    150218000000000374075630940011608180000100000000000000000000000000000000000000000000000000000000000000000000000000003740000000000000000000000000000000000000000000000000000010000000000000          0000270724966100000000000000000000000000000000000000000003
1022542123500018830940000316741000000                         00000003323001000000DM 00000000000000000000 01091608180013890218                    150218000000000324075630940011608180000100000000000000000000000000000000000000000000000000000000000000000000000000003240000000000000000000000000000000000000000000000000000010000000000000          0000690262868800000000000000000000000000000000000000000004
1022542123500018830940000316741000000                         00000003126901000000DM 00000000000000000000 01061408180005190918                    100918000000000324010400970011408180000250000000000000000000000000000000000000000000000000000000000000000000000000003240000000000000000000000000000000000000000000000000000010000000000000          0007188477760000000000000000000000000000000000000000000005
1022542123500018830940000316741000000                         00000003813601000000DM 00000000000000000000 01061408180010140818                    200818000000000374010400970011408180000250000000000000000000000000000000000000000000000000000000000000000000000000003740000000000000000000000000000000000000000000000000000010000000000000          0005764752663400000000000000000000000000000000000000000006
1022542123500018830940000316741000000                         00000002893601000000DM 00000000000000000000 01061408180004370818                    100818000000000324075630940011408180000250000000000000000000000000000000000000000000000000000000000000000000000000003247000000000000700000000000000000000000000000000000000010000000000000          0001313854565300000000000000000000000000000000000000000007
9027563094SICOOB CREDIARA          RUA MARIA RITA DE AGUIAR                          CENTRO                        38183236ARAXÁ                         MG200820180000000600000000113                                                                                                                                                                                                                    000008
