02RETORNO01COBRANÇA       30940000327964316741J REZENDE                     756 - BANCOOB S/A 3107180000246                                                                                                                                                                                                                                                                                               000001
1022542123500018830940000316741000000                         00000003932801000000DM 00000000000000000000 01063107180026050718                    100718000000000374075630940013107180000250000000000000000000000000000000000000000000000000000000000000000000000000003769000000000002900000000000000000000000000000000000000010000000000000          0000258153466400000000000000000000000000000000000000000002
1022542123500018830940000316741000000                         00000003592201000000DM 00000000000000000000 01063107180023390818                    100818000000000374010400970013107180000250000000000000000000000000000000000000000000000000000000000000000000000000003740000000000000000000000000000000000000000000000000000010000000000000          0003615945069700000000000000000000000000000000000000000003
1022542123500018830940000316741000000                         00000003981901000000DM 00000000000000000000 01063007180026740818                    100818000000000374010400970013007180000250000000000000000000000000000000000000000000000000000000000000000000000000003740000000000000000000000000000000000000000000000000000010000000000000          0000954360460600000000000000000000000000000000000000000004
1022542123500018830940000316741000000                         00000003933501000000DM 00000000000000000000 01063107180026050818                    100818000000000374075630940013107180000250000000000000000000000000000000000000000000000000000000000000000000000000003740000000000000000000000000000000000000000000000000000010000000000000          0000258153466400000000000000000000000000000000000000000005
1022542123500018830940000316741000000                         00000003437501000000DM 00000000000000000000 01063107180015740818                    100818000000000324010400970013107180000250000000000000000000000000000000000000000000000000000000000000000000000000003240000000000000000000000000000000000000000000000000000010000000000000          0004684573966800000000000000000000000000000000000000000006
9027563094SICOOB CREDIARA          RUA MARIA RITA DE AGUIAR                          CENTRO                        38183236ARAXÁ                         MG080820180000000500000000113                                                                                                                                                                                                                    000007
