02RETORNO01COBRANÇA       30940000327964316741J REZENDE                     756 - BANCOOB S/A 1206190000321                                                                                                                                                                                                                                                                                               000001
1022542123500018830940000316741000000                         00000005006801000000DM 00000000000000000000 01060103190010210319                    100319000000000324010400970010103190000250000000000000000000000000000000000000000000000000000000000000000000000000003240000000000000000000000000000000000000000000000000000010000000000000          0007187518269100000000000000000000000000000000000000000002
1022542123500018830940000316741000000                         00000005451701000000DM 00000000000000000000 01060103190026050319                    100319000000000374010400970010103190000250000000000000000000000000000000000000000000000000000000000000000000000000003740000000000000000000000000000000000000000000000000000010000000000000          0000258153466400000000000000000000000000000000000000000003
9027563094SICOOB CREDIARA          RUA MARIA RITA DE AGUIAR                          CENTRO                        38183236ARAXÁ                         MG120620190000000200000000113                                                                                                                                                                                                                    000004
