02RETORNO01COBRANÇA       30940000327964316741J REZENDE                     756 - BANCOOB S/A 1206190000324                                                                                                                                                                                                                                                                                               000001
1022542123500018830940000316741000000                         00000005535001000000DM 00000000000000000000 01061203190027500319                    100319000000000374010400970011203190000250000000000000000000000000000000000000000000000000000000000000000000000000003745000000000000500000000000000000000000000000000000000010000000000000          0000282899960200000000000000000000000000000000000000000002
1022542123500018830940000316741000000                         00000005571601000000DM 00000000000000000000 01061403190028810319                    100319000000000374010400970011403190000250000000000000000000000000000000000000000000000000000000000000000000000000003748000000000000800000000000000000000000000000000000000010000000000000          0002729612165300000000000000000000000000000000000000000003
1022542123500018830940000316741000000                         00000003330201000000DM 00000000000000000000 01091503190013890918                    150918000000000324075630940011503190000100000000000000000000000000000000000000000000000000000000000000000000000000003240000000000000000000000000000000000000000000000000000010000000000000          0000690262868800000000000000000000000000000000000000000004
1022542123500018830940000316741000000                         00000005066001000000DM 00000000000000000000 01061203190011060319                    100319000000000324075630940011203190000250000000000000000000000000000000000000000000000000000000000000000000000000003245000000000000500000000000000000000000000000000000000010000000000000          0000306014564400000000000000000000000000000000000000000005
1022542123500018830940000316741000000                         00000003749901000000DM 00000000000000000000 01091503190029680918                    150918000000000374075630940011503190000100000000000000000000000000000000000000000000000000000000000000000000000000003740000000000000000000000000000000000000000000000000000010000000000000          0000270724966100000000000000000000000000000000000000000006
1022542123500018830940000316741000000                         00000004826001000000DM 00000000000000000000 01061503190005190319                    100319000000000324010400970011503190000250000000000000000000000000000000000000000000000000000000000000000000000000003248000000000000800000000000000000000000000000000000000010000000000000          0007188477760000000000000000000000000000000000000000000007
1022542123500018830940000316741000000                         00000005643101000000DM 00000000000000000000 01061203190029700319                    100319000000000374010400970011203190000250000000000000000000000000000000000000000000000000000000000000000000000000003745000000000000500000000000000000000000000000000000000010000000000000          0000214486281800000000000000000000000000000000000000000008
1022542123500018830940000316741000000                         00000004958801000000DM 00000000000000000000 01061203190009010319                    100319000000000324010400970011203190000250000000000000000000000000000000000000000000000000000000000000000000000000003245000000000000500000000000000000000000000000000000000010000000000000          0009470166060400000000000000000000000000000000000000000009
1022542123500018830940000316741000000                         00000005151101000000DM 00000000000000000000 01061403190030710319                    100319000000000374075630940011403190000250000000000000000000000000000000000000000000000000000000000000000000000000003748000000000000800000000000000000000000000000000000000010000000000000          0000953633063600000000000000000000000000000000000000000010
9027563094SICOOB CREDIARA          RUA MARIA RITA DE AGUIAR                          CENTRO                        38183236ARAXÁ                         MG120620190000000900000000113                                                                                                                                                                                                                    000011
