02RETORNO01COBRANÇA       30940000327964316741J REZENDE                     756 - BANCOOB S/A 1206190000317                                                                                                                                                                                                                                                                                               000001
1022542123500018830940000316741000000                         00000003345201000000DM 00000000000000000000 01101401190023971218                    101218000000000374075630940011401190000100000000000000000000000000000000000000000000000000000000000000000000000000003740000000000000000000000000000000000000000000000000000010000000000000          0007188737762000000000000000000000000000000000000000000002
1022542123500018830940000316741000000                         00000004653601000000DM 00000000000000000000 01101401191000141018                    101118000000000349075630940011401190000100000000000000000000000000000000000000000000000000000000000000000000000000003490000000000000000000000000000000000000000000000000000010000000000000          3874637600046500000000000000000000000000000000000000000003
1022542123500018830940000316741000000                         00000005214001000000DM 00000000000000000000 01101401190015740619                    100619000000000324075630940011401190000100000000000000000000000000000000000000000000000000000000000000000000000000003240000000000000000000000000000000000000000000000000000010000000000000          0004684573966800000000000000000000000000000000000000000004
1022542123500018830940000316741000000                         00000005217201000000DM 00000000000000000000 01101401190015740919                    100919000000000324075630940011401190000100000000000000000000000000000000000000000000000000000000000000000000000000003240000000000000000000000000000000000000000000000000000010000000000000          0004684573966800000000000000000000000000000000000000000005
1022542123500018830940000316741000000                         00000005210101000000DM 00000000000000000000 01101401190015740219                    100219000000000324075630940011401190000100000000000000000000000000000000000000000000000000000000000000000000000000003240000000000000000000000000000000000000000000000000000010000000000000          0004684573966800000000000000000000000000000000000000000006
1022542123500018830940000316741000000                         00000005213301000000DM 00000000000000000000 01101401190015740519                    100519000000000324075630940011401190000100000000000000000000000000000000000000000000000000000000000000000000000000003240000000000000000000000000000000000000000000000000000010000000000000          0004684573966800000000000000000000000000000000000000000007
1022542123500018830940000316741000000                         00000005216501000000DM 00000000000000000000 01101401190015740819                    100819000000000324075630940011401190000100000000000000000000000000000000000000000000000000000000000000000000000000003240000000000000000000000000000000000000000000000000000010000000000000          0004684573966800000000000000000000000000000000000000000008
1022542123500018830940000316741000000                         00000004117101000000DM 00000000000000000000 01101401190015231218                    101218000000000324075630940011401190000100000000000000000000000000000000000000000000000000000000000000000000000000003240000000000000000000000000000000000000000000000000000010000000000000          0003225778362000000000000000000000000000000000000000000009
1022542123500018830940000316741000000                         00000005197001000000DM 00000000000000000000 01101401190015230119                    100119000000000324075630940011401190000100000000000000000000000000000000000000000000000000000000000000000000000000003240000000000000000000000000000000000000000000000000000010000000000000          0003225778362000000000000000000000000000000000000000000010
1022542123500018830940000316741000000                         00000005220501000000DM 00000000000000000000 01101401190015741219                    101219000000000324075630940011401190000100000000000000000000000000000000000000000000000000000000000000000000000000003240000000000000000000000000000000000000000000000000000010000000000000          0004684573966800000000000000000000000000000000000000000011
1022542123500018830940000316741000000                         00000005305601000000DM 00000000000000000000 01061401190022660119                    100119000000000374010400970011401190000250000000000000000000000000000000000000000000000000000000000000000000000000003748000000000000800000000000000000000000000000000000000010000000000000          0004170441060600000000000000000000000000000000000000000012
1022542123500018830940000316741000000                         00000005377601000000DM 00000000000000000000 01061601190024530119                    100119000000000374075630940011601190000250000000000000000000000000000000000000000000000000000000000000000000000000003750000000000001000000000000000000000000000000000000000010000000000000          0003607094764900000000000000000000000000000000000000000013
1022542123500018830940000316741000000                         00000005709201000000DM 00000000000000000000 01101401190030700119                    100119000000000374075630940011401190000100000000000000000000000000000000000000000000000000000000000000000000000000003740000000000000000000000000000000000000000000000000000010000000000000          0001212798465000000000000000000000000000000000000000000014
1022542123500018830940000316741000000                         00000004225201000000DM 00000000000000000000 01101401190004911218                    101218000000000324075630940011401190000100000000000000000000000000000000000000000000000000000000000000000000000000003240000000000000000000000000000000000000000000000000000010000000000000          0002624052160400000000000000000000000000000000000000000015
1022542123500018830940000316741000000                         00000004647101000000DM 00000000000000000000 01101401191000140918                    101018000000000349075630940011401190000100000000000000000000000000000000000000000000000000000000000000000000000000003490000000000000000000000000000000000000000000000000000010000000000000          3874637600046500000000000000000000000000000000000000000016
1022542123500018830940000316741000000                         00000004652901000000DM 00000000000000000000 01101401191000111018                    101118000000003372575630940011401190000100000000000000000000000000000000000000000000000000000000000000000000000000033725000000000000000000000000000000000000000000000000000010000000000000          3874637600038400000000000000000000000000000000000000000017
1022542123500018830940000316741000000                         00000005219701000000DM 00000000000000000000 01101401190015741119                    101119000000000324075630940011401190000100000000000000000000000000000000000000000000000000000000000000000000000000003240000000000000000000000000000000000000000000000000000010000000000000          0004684573966800000000000000000000000000000000000000000018
1022542123500018830940000316741000000                         00000003925601000000DM 00000000000000000000 01101401190025961218                    101218000000000374075630940011401190000100000000000000000000000000000000000000000000000000000000000000000000000000003740000000000000000000000000000000000000000000000000000010000000000000          0009277829168700000000000000000000000000000000000000000019
1022542123500018830940000316741000000                         00000005209301000000DM 00000000000000000000 01101401190015740119                    100119000000000324075630940011401190000100000000000000000000000000000000000000000000000000000000000000000000000000003240000000000000000000000000000000000000000000000000000010000000000000          0004684573966800000000000000000000000000000000000000000020
1022542123500018830940000316741000000                         00000005211901000000DM 00000000000000000000 01101401190015740319                    100319000000000324075630940011401190000100000000000000000000000000000000000000000000000000000000000000000000000000003240000000000000000000000000000000000000000000000000000010000000000000          0004684573966800000000000000000000000000000000000000000021
1022542123500018830940000316741000000                         00000005218001000000DM 00000000000000000000 01101401190015741019                    101019000000000324075630940011401190000100000000000000000000000000000000000000000000000000000000000000000000000000003240000000000000000000000000000000000000000000000000000010000000000000          0004684573966800000000000000000000000000000000000000000022
1022542123500018830940000316741000000                         00000005148901000000DM 00000000000000000000 01061601190030711218                    101218000000000374010400970011601190000250000000000000000000000000000000000000000000000000000000000000000000000000003790000000000005000000000000000000000000000000000000000010000000000000          0000953633063600000000000000000000000000000000000000000023
1022542123500018830940000316741000000                         00000003747401000000DM 00000000000000000000 01091401190029680718                    150718000000000374075630940011401190000100000000000000000000000000000000000000000000000000000000000000000000000000003740000000000000000000000000000000000000000000000000000010000000000000          0000270724966100000000000000000000000000000000000000000024
1022542123500018830940000316741000000                         00000003093001000000DM 00000000000000000000 01101401190008691218                    101218000000000324075630940011401190000100000000000000000000000000000000000000000000000000000000000000000000000000003240000000000000000000000000000000000000000000000000000010000000000000          0000027442861000000000000000000000000000000000000000000025
1022542123500018830940000316741000000                         00000003328701000000DM 00000000000000000000 01091401190013890718                    150718000000000324075630940011401190000100000000000000000000000000000000000000000000000000000000000000000000000000003240000000000000000000000000000000000000000000000000000010000000000000          0000690262868800000000000000000000000000000000000000000026
1022542123500018830940000316741000000                         00000004646401000000DM 00000000000000000000 01101401191000110918                    101018000000002435075630940011401190000100000000000000000000000000000000000000000000000000000000000000000000000000024350000000000000000000000000000000000000000000000000000010000000000000          3874637600038400000000000000000000000000000000000000000027
1022542123500018830940000316741000000                         00000005064501000000DM 00000000000000000000 01061401190011060119                    100119000000000324075630940011401190000250000000000000000000000000000000000000000000000000000000000000000000000000003247000000000000700000000000000000000000000000000000000010000000000000          0000306014564400000000000000000000000000000000000000000028
1022542123500018830940000316741000000                         00000005149601000000DM 00000000000000000000 01061601190030710119                    100119000000000374010400970011601190000250000000000000000000000000000000000000000000000000000000000000000000000000003750000000000001000000000000000000000000000000000000000010000000000000          0000953633063600000000000000000000000000000000000000000029
1022542123500018830940000316741000000                         00000005212601000000DM 00000000000000000000 01101401190015740419                    100419000000000324075630940011401190000100000000000000000000000000000000000000000000000000000000000000000000000000003240000000000000000000000000000000000000000000000000000010000000000000          0004684573966800000000000000000000000000000000000000000030
1022542123500018830940000316741000000                         00000005215801000000DM 00000000000000000000 01101401190015740719                    100719000000000324075630940011401190000100000000000000000000000000000000000000000000000000000000000000000000000000003240000000000000000000000000000000000000000000000000000010000000000000          0004684573966800000000000000000000000000000000000000000031
9027563094SICOOB CREDIARA          RUA MARIA RITA DE AGUIAR                          CENTRO                        38183236ARAXÁ                         MG120620190000003000000000113                                                                                                                                                                                                                    000032
