02RETORNO01COBRANÇA       30940000327964316741J REZENDE                     756 - BANCOOB S/A 2606190000329                                                                                                                                                                                                                                                                                               000001
1022542123500018830940000316741000000                         00000005634501000000DM 00000000000000000000 01102506190029630619                    100619000000000374075630940012506190000100000000000000000000000000000000000000000000000000000000000000000000000000003740000000000000000000000000000000000000000000000000000010000000000000          0000559499965500000000000000000000000000000000000000000002
1022542123500018830940000316741000000                         00000005829101000000DM 00000000000000000000 01062506191000070519                    250619000000000698000142020012506190000250000000000000000000000000000000000000000000000000000000000000000000000000006980000000000000000000000000000000000000000000000000000010000000000000          7097303700069600000000000000000000000000000000000000000003
1022542123500018830940000316741000000                         00000005831701000000DM 00000000000000000000 01062506191000120519                    250619000000000698000102100012506190000250000000000000000000000000000000000000000000000000000000000000000000000000006980000000000000000000000000000000000000000000000000000010000000000000          7097216100012200000000000000000000000000000000000000000004
1022542123500018830940000316741000000                         00000005830001000000DM 00000000000000000000 01062506191000100519                    250619000000004093000142020012506190000250000000000000000000000000000000000000000000000000000000000000000000000000040930000000000000000000000000000000000000000000000000000010000000000000          7097303700034300000000000000000000000000000000000000000005
1022542123500018830940000316741000000                         00000005826001000000DM 00000000000000000000 01062506191000110519                    250619000000001396023716910012506190000250000000000000000000000000000000000000000000000000000000000000000000000000013960000000000000000000000000000000000000000000000000000010000000000000          3874637600038400000000000000000000000000000000000000000006
1022542123500018830940000316741000000                         00000005832401000000DM 00000000000000000000 01062506191000150519                    250619000000000349000142020012506190000250000000000000000000000000000000000000000000000000000000000000000000000000003490000000000000000000000000000000000000000000000000000010000000000000          7097303700093900000000000000000000000000000000000000000007
9027563094SICOOB CREDIARA          RUA MARIA RITA DE AGUIAR                          CENTRO                        38183236ARAXÁ                         MG260620190000000600000000113                                                                                                                                                                                                                    000008
