02RETORNO01COBRANÇA       30940000327964316741J REZENDE                     756 - BANCOOB S/A 1206190000325                                                                                                                                                                                                                                                                                               000001
1022542123500018830940000316741000000                         00000005069101000000DM 00000000000000000000 01061106190011060619                    100619000000000324034184810011106190000250000000000000000000000000000000000000000000000000000000000000000000000000003244000000000000400000000000000000000000000000000000000010000000000000          0000306014564400000000000000000000000000000000000000000002
1022542123500018830940000316741000000                         00000004865801000000DM 00000000000000000000 01061106190005930619                    100619000000000324010400970011106190000250000000000000000000000000000000000000000000000000000000000000000000000000003244000000000000400000000000000000000000000000000000000010000000000000          0003023575860400000000000000000000000000000000000000000003
1022542123500018830940000316741000000                         00000005250601000000DM 00000000000000000000 01061106190017220619                    100619000000000324010400970011106190000250000000000000000000000000000000000000000000000000000000000000000000000000003244000000000000400000000000000000000000000000000000000010000000000000          0000326379860000000000000000000000000000000000000000000004
9027563094SICOOB CREDIARA          RUA MARIA RITA DE AGUIAR                          CENTRO                        38183236ARAXÁ                         MG120620190000000300000000113                                                                                                                                                                                                                    000005
