02RETORNO01COBRANÇA       30940000327964316741J REZENDE                     756 - BANCOOB S/A 2506190000328                                                                                                                                                                                                                                                                                               000001
1022542123500018830940000316741000000                         00000005454901000000DM 00000000000000000000 01062406190026050619                    100619000000000374075630940012406190000250000000000000000000000000000000000000000000000000000000000000000000000000003760000000000002000000000000000000000000000000000000000010000000000000          0000258153466400000000000000000000000000000000000000000002
9027563094SICOOB CREDIARA          RUA MARIA RITA DE AGUIAR                          CENTRO                        38183236ARAXÁ                         MG250620190000000100000000113                                                                                                                                                                                                                    000003
