02RETORNO01COBRANÇA       30940000327964316741J REZENDE                     756 - BANCOOB S/A 0406190000311                                                                                                                                                                                                                                                                                               000001
1022542123500018830940000316741000000                         00000005081001000000DM 00000000000000000000 01063105190011610619                    100619000000000324010400970013105190000250000000000000000000000000000000000000000000000000000000000000000000000000003240000000000000000000000000000000000000000000000000000010000000000000          0004342743060000000000000000000000000000000000000000000002
1022542123500018830940000316741000000                         00000005526401000000DM 00000000000000000000 01063105190027130619                    100619000000000374010400970013105190000250000000000000000000000000000000000000000000000000000000000000000000000000003740000000000000000000000000000000000000000000000000000010000000000000          0009652261564900000000000000000000000000000000000000000003
1022542123500018830940000316741000000                         00000005033701000000DM 00000000000000000000 01062705190010620619                    100619000000000324010400970012705190000250000000000000000000000000000000000000000000000000000000000000000000000000003240000000000000000000000000000000000000000000000000000010000000000000          0000055756263500000000000000000000000000000000000000000004
9027563094SICOOB CREDIARA          RUA MARIA RITA DE AGUIAR                          CENTRO                        38183236ARAXÁ                         MG040620190000000300000000113                                                                                                                                                                                                                    000005
