02RETORNO01COBRANÇA       30940000327964316741J REZENDE                     756 - BANCOOB S/A 1206190000315                                                                                                                                                                                                                                                                                               000001
1022542123500018830940000316741000000                         00000004668601000000DM 00000000000000000000 01060201190001140119                    100119000000000324010400970010201190000250000000000000000000000000000000000000000000000000000000000000000000000000003240000000000000000000000000000000000000000000000000000010000000000000          0004897155363400000000000000000000000000000000000000000002
1022542123500018830940000316741000000                         00000004788501000000DM 00000000000000000000 01060301190004370119                    100119000000000324010400970010301190000250000000000000000000000000000000000000000000000000000000000000000000000000003240000000000000000000000000000000000000000000000000000010000000000000          0001313854565300000000000000000000000000000000000000000003
1022542123500018830940000316741000000                         00000005485701000000DM 00000000000000000000 01060401190026740119                    100119000000000374010400970010401190000250000000000000000000000000000000000000000000000000000000000000000000000000003740000000000000000000000000000000000000000000000000000010000000000000          0000954360460600000000000000000000000000000000000000000004
1022542123500018830940000316741000000                         00000004692301000000DM 00000000000000000000 01060301190002470119                    100119000000000324023716910010301190000250000000000000000000000000000000000000000000000000000000000000000000000000003240000000000000000000000000000000000000000000000000000010000000000000          0000356167569700000000000000000000000000000000000000000005
1022542123500018830940000316741000000                         00000005497501000000DM 00000000000000000000 01060401190026860119                    100119000000000374010400970010401190000250000000000000000000000000000000000000000000000000000000000000000000000000003740000000000000000000000000000000000000000000000000000010000000000000          0003407094060000000000000000000000000000000000000000000006
1022542123500018830940000316741000000                         00000005136001000000DM 00000000000000000000 01060401190014480119                    100119000000000324010400970010401190000250000000000000000000000000000000000000000000000000000000000000000000000000003240000000000000000000000000000000000000000000000000000010000000000000          0005227926069700000000000000000000000000000000000000000007
1022542123500018830940000316741000000                         00000005569001000000DM 00000000000000000000 01060401190028810119                    100119000000000374010400970010401190000250000000000000000000000000000000000000000000000000000000000000000000000000003740000000000000000000000000000000000000000000000000000010000000000000          0002729612165300000000000000000000000000000000000000000008
1022542123500018830940000316741000000                         00000005004301000000DM 00000000000000000000 01060401190010210119                    100119000000000324010400970010401190000250000000000000000000000000000000000000000000000000000000000000000000000000003240000000000000000000000000000000000000000000000000000010000000000000          0007187518269100000000000000000000000000000000000000000009
1022542123500018830940000316741000000                         00000005413701000000DM 00000000000000000000 01060301190025190119                    100119000000000374010407080010301190000250000000000000000000000000000000000000000000000000000000000000000000000000003740000000000000000000000000000000000000000000000000000010000000000000          0008540006863400000000000000000000000000000000000000000010
9027563094SICOOB CREDIARA          RUA MARIA RITA DE AGUIAR                          CENTRO                        38183236ARAXÁ                         MG120620190000000900000000113                                                                                                                                                                                                                    000011
