02RETORNO01COBRANÇA       30940000327964316741J REZENDE                     756 - BANCOOB S/A 1206190000319                                                                                                                                                                                                                                                                                               000001
1022542123500018830940000316741000000                         00000003849001000000DM 00000000000000000000 01090702190030290818                    100818000000000374075630940010702190000100000000000000000000000000000000000000000000000000000000000000000000000000003740000000000000000000000000000000000000000000000000000010000000000000          0001252081260500000000000000000000000000000000000000000002
1022542123500018830940000316741000000                         00000004053501000000DM 00000000000000000000 01090702190014430818                    100818000000000324075630940010702190000100000000000000000000000000000000000000000000000000000000000000000000000000003240000000000000000000000000000000000000000000000000000010000000000000          0000696140365400000000000000000000000000000000000000000003
1022542123500018830940000316741000000                         00000003568501000000DM 00000000000000000000 01090702190022820818                    100818000000000324075630940010702190000100000000000000000000000000000000000000000000000000000000000000000000000000003240000000000000000000000000000000000000000000000000000010000000000000          0007188059365300000000000000000000000000000000000000000004
1022542123500018830940000316741000000                         00000003580401000000DM 00000000000000000000 01090702190023040818                    100818000000000374075630940010702190000100000000000000000000000000000000000000000000000000000000000000000000000000003740000000000000000000000000000000000000000000000000000010000000000000          0004225353567200000000000000000000000000000000000000000005
1022542123500018830940000316741000000                         00000003185301000000DM 00000000000000000000 01090702190009450818                    100818000000000324075630940010702190000100000000000000000000000000000000000000000000000000000000000000000000000000003240000000000000000000000000000000000000000000000000000010000000000000          0009277825960000000000000000000000000000000000000000000006
1022542123500018830940000316741000000                         00000003532001000000DM 00000000000000000000 01090702190022630818                    100818000000000324075630940010702190000100000000000000000000000000000000000000000000000000000000000000000000000000003240000000000000000000000000000000000000000000000000000010000000000000          0002485828563400000000000000000000000000000000000000000007
1022542123500018830940000316741000000                         00000003712701000000DM 00000000000000000000 01090702190029160818                    100818000000000374075630940010702190000100000000000000000000000000000000000000000000000000000000000000000000000000003740000000000000000000000000000000000000000000000000000010000000000000          0001248442318700000000000000000000000000000000000000000008
1022542123500018830940000316741000000                         00000003089001000000DM 00000000000000000000 01090702190008690818                    100818000000000324075630940010702190000100000000000000000000000000000000000000000000000000000000000000000000000000003240000000000000000000000000000000000000000000000000000010000000000000          0000027442861000000000000000000000000000000000000000000009
1022542123500018830940000316741000000                         00000003736301000000DM 00000000000000000000 01090702190029630818                    100818000000000374075630940010702190000100000000000000000000000000000000000000000000000000000000000000000000000000003740000000000000000000000000000000000000000000000000000010000000000000          0000559499965500000000000000000000000000000000000000000010
1022542123500018830940000316741000000                         00000003772901000000DM 00000000000000000000 01090702190029710818                    100818000000000374075630940010702190000100000000000000000000000000000000000000000000000000000000000000000000000000003740000000000000000000000000000000000000000000000000000010000000000000          0002729840060600000000000000000000000000000000000000000011
1022542123500018830940000316741000000                         00000004281501000000DM 00000000000000000000 01090702190030620818                    100818000000000374075630940010702190000100000000000000000000000000000000000000000000000000000000000000000000000000003740000000000000000000000000000000000000000000000000000010000000000000          0001347627260500000000000000000000000000000000000000000012
1022542123500018830940000316741000000                         00000004185201000000DM 00000000000000000000 01090702190026730818                    100818000000000374075630940010702190000100000000000000000000000000000000000000000000000000000000000000000000000000003740000000000000000000000000000000000000000000000000000010000000000000          0000945536569300000000000000000000000000000000000000000013
1022542123500018830940000316741000000                         00000003825401000000DM 00000000000000000000 01090702190030110818                    100818000000000374075630940010702190000100000000000000000000000000000000000000000000000000000000000000000000000000003740000000000000000000000000000000000000000000000000000010000000000000          0001104048469700000000000000000000000000000000000000000014
1022542123500018830940000316741000000                         00000003897401000000DM 00000000000000000000 01090702190025420818                    100818000000000374075630940010702190000100000000000000000000000000000000000000000000000000000000000000000000000000003740000000000000000000000000000000000000000000000000000010000000000000          0002891803760000000000000000000000000000000000000000000015
1022542123500018830940000316741000000                         00000004208701000000DM 00000000000000000000 01090702190030430818                    100818000000000374075630940010702190000100000000000000000000000000000000000000000000000000000000000000000000000000003740000000000000000000000000000000000000000000000000000010000000000000          0000394635469600000000000000000000000000000000000000000016
1022542123500018830940000316741000000                         00000004233101000000DM 00000000000000000000 01090702190030460818                    100818000000000374075630940010702190000100000000000000000000000000000000000000000000000000000000000000000000000000003740000000000000000000000000000000000000000000000000000010000000000000          0000149822561600000000000000000000000000000000000000000017
1022542123500018830940000316741000000                         00000003801801000000DM 00000000000000000000 01090702190030640818                    100818000000000374075630940010702190000100000000000000000000000000000000000000000000000000000000000000000000000000003740000000000000000000000000000000000000000000000000000010000000000000          0000507097947700000000000000000000000000000000000000000018
1022542123500018830940000316741000000                         00000004197001000000DM 00000000000000000000 01090702190030420818                    100818000000000374075630940010702190000100000000000000000000000000000000000000000000000000000000000000000000000000003740000000000000000000000000000000000000000000000000000010000000000000          0001076302165200000000000000000000000000000000000000000019
1022542123500018830940000316741000000                         00000003789301000000DM 00000000000000000000 01090702190029770818                    100818000000000374075630940010702190000100000000000000000000000000000000000000000000000000000000000000000000000000003740000000000000000000000000000000000000000000000000000010000000000000          0006219557360000000000000000000000000000000000000000000020
1022542123500018830940000316741000000                         00000003909801000000DM 00000000000000000000 01090702190025530818                    100818000000000374075630940010702190000100000000000000000000000000000000000000000000000000000000000000000000000000003740000000000000000000000000000000000000000000000000000010000000000000          0000588234869200000000000000000000000000000000000000000021
1022542123500018830940000316741000000                         00000003921701000000DM 00000000000000000000 01090702190025960818                    100818000000000374075630940010702190000100000000000000000000000000000000000000000000000000000000000000000000000000003740000000000000000000000000000000000000000000000000000010000000000000          0009277829168700000000000000000000000000000000000000000022
1022542123500018830940000316741000000                         00000003993701000000DM 00000000000000000000 01090702190026750818                    100818000000000374075630940010702190000100000000000000000000000000000000000000000000000000000000000000000000000000003740000000000000000000000000000000000000000000000000000010000000000000          0001130201368800000000000000000000000000000000000000000023
1022542123500018830940000316741000000                         00000003556701000000DM 00000000000000000000 01090702190022690818                    100818000000000374075630940010702190000100000000000000000000000000000000000000000000000000000000000000000000000000003740000000000000000000000000000000000000000000000000000010000000000000          0006307307269100000000000000000000000000000000000000000024
1022542123500018830940000316741000000                         00000003077201000000DM 00000000000000000000 01090702190008470818                    100818000000000374075630940010702190000100000000000000000000000000000000000000000000000000000000000000000000000000003740000000000000000000000000000000000000000000000000000010000000000000          0000150671660100000000000000000000000000000000000000000025
1022542123500018830940000316741000000                         00000003137001000000DM 00000000000000000000 01090702190005450818                    100818000000000324075630940010702190000100000000000000000000000000000000000000000000000000000000000000000000000000003240000000000000000000000000000000000000000000000000000010000000000000          0003013578866800000000000000000000000000000000000000000026
1022542123500018830940000316741000000                         00000003269701000000DM 00000000000000000000 01090702190011390818                    100818000000000324075630940010702190000100000000000000000000000000000000000000000000000000000000000000000000000000003240000000000000000000000000000000000000000000000000000010000000000000          0009651106069100000000000000000000000000000000000000000027
1022542123500018830940000316741000000                         00000003413901000000DM 00000000000000000000 01090702190025830818                    100818000000000374075630940010702190000100000000000000000000000000000000000000000000000000000000000000000000000000003740000000000000000000000000000000000000000000000000000010000000000000          0000512870969800000000000000000000000000000000000000000028
1022542123500018830940000316741000000                         00000003449301000000DM 00000000000000000000 01090702190015840818                    100818000000000324075630940010702190000100000000000000000000000000000000000000000000000000000000000000000000000000003240000000000000000000000000000000000000000000000000000010000000000000          0006872201061000000000000000000000000000000000000000000029
1022542123500018830940000316741000000                         00000003461201000000DM 00000000000000000000 01090702190015980818                    100818000000000324075630940010702190000100000000000000000000000000000000000000000000000000000000000000000000000000003240000000000000000000000000000000000000000000000000000010000000000000          0007886934067800000000000000000000000000000000000000000030
1022542123500018830940000316741000000                         00000003485901000000DM 00000000000000000000 01090702190017120818                    100818000000000324075630940010702190000100000000000000000000000000000000000000000000000000000000000000000000000000003240000000000000000000000000000000000000000000000000000010000000000000          0006761282268700000000000000000000000000000000000000000031
1022542123500018830940000316741000000                         00000002821601000000DM 00000000000000000000 01090702190003300818                    100818000000000324075630940010702190000100000000000000000000000000000000000000000000000000000000000000000000000000003240000000000000000000000000000000000000000000000000000010000000000000          0000916024261200000000000000000000000000000000000000000032
1022542123500018830940000316741000000                         00000002981001000000DM 00000000000000000000 01090702190004730818                    100818000000000324075630940010702190000100000000000000000000000000000000000000000000000000000000000000000000000000003240000000000000000000000000000000000000000000000000000010000000000000          0004063987868700000000000000000000000000000000000000000033
1022542123500018830940000316741000000                         00000002993801000000DM 00000000000000000000 01090702190006790818                    100818000000000374075630940010702190000100000000000000000000000000000000000000000000000000000000000000000000000000003740000000000000000000000000000000000000000000000000000010000000000000          0003619380163400000000000000000000000000000000000000000034
1022542123500018830940000316741000000                         00000003017001000000DM 00000000000000000000 01090702190007430818                    100818000000000324075630940010702190000100000000000000000000000000000000000000000000000000000000000000000000000000003240000000000000000000000000000000000000000000000000000010000000000000          0000653259166100000000000000000000000000000000000000000035
1022542123500018830940000316741000000                         00000003945301000000DM 00000000000000000000 01090702190026060818                    100818000000000374075630940010702190000100000000000000000000000000000000000000000000000000000000000000000000000000003740000000000000000000000000000000000000000000000000000010000000000000          0004341197568700000000000000000000000000000000000000000036
1022542123500018830940000316741000000                         00000004041701000000DM 00000000000000000000 01090702190014420818                    100818000000000324075630940010702190000100000000000000000000000000000000000000000000000000000000000000000000000000003240000000000000000000000000000000000000000000000000000010000000000000          0000534757766500000000000000000000000000000000000000000037
1022542123500018830940000316741000000                         00000004149701000000DM 00000000000000000000 01090702190025310818                    100818000000000374075630940010702190000100000000000000000000000000000000000000000000000000000000000000000000000000003740000000000000000000000000000000000000000000000000000010000000000000          0000797618260900000000000000000000000000000000000000000038
1022542123500018830940000316741000000                         00000002933601000000DM 00000000000000000000 01090702190001270818                    100818000000000324075630940010702190000100000000000000000000000000000000000000000000000000000000000000000000000000003240000000000000000000000000000000000000000000000000000010000000000000          0000557190363500000000000000000000000000000000000000000039
1022542123500018830940000316741000000                         00000003628201000000DM 00000000000000000000 01090702190027570818                    100818000000000374075630940010702190000100000000000000000000000000000000000000000000000000000000000000000000000000003740000000000000000000000000000000000000000000000000000010000000000000          0000699499364700000000000000000000000000000000000000000040
1022542123500018830940000316741000000                         00000002881801000000DM 00000000000000000000 01090702190004230818                    100818000000000324075630940010702190000100000000000000000000000000000000000000000000000000000000000000000000000000003240000000000000000000000000000000000000000000000000000010000000000000          0005724833867200000000000000000000000000000000000000000041
1022542123500018830940000316741000000                         00000002945401000000DM 00000000000000000000 01090702190004600818                    100818000000000324075630940010702190000100000000000000000000000000000000000000000000000000000000000000000000000000003240000000000000000000000000000000000000000000000000000010000000000000          0004085395076800000000000000000000000000000000000000000042
1022542123500018830940000316741000000                         00000003221401000000DM 00000000000000000000 01090702190010200818                    100818000000000374075630940010702190000100000000000000000000000000000000000000000000000000000000000000000000000000003740000000000000000000000000000000000000000000000000000010000000000000          0003616071763400000000000000000000000000000000000000000043
1022542123500018830940000316741000000                         00000003281601000000DM 00000000000000000000 01090702190012200818                    100818000000000324075630940010702190000100000000000000000000000000000000000000000000000000000000000000000000000000003240000000000000000000000000000000000000000000000000000010000000000000          0005183755876000000000000000000000000000000000000000000044
1022542123500018830940000316741000000                         00000003389601000000DM 00000000000000000000 01090702190024730818                    100818000000000374075630940010702190000100000000000000000000000000000000000000000000000000000000000000000000000000003740000000000000000000000000000000000000000000000000000010000000000000          0001603579869100000000000000000000000000000000000000000045
1022542123500018830940000316741000000                         00000004389501000000DM 00000000000000000000 01090702190030440818                    100818000000000374075630940010702190000100000000000000000000000000000000000000000000000000000000000000000000000000003740000000000000000000000000000000000000000000000000000010000000000000          0000119164868000000000000000000000000000000000000000000046
1022542123500018830940000316741000000                         00000003005201000000DM 00000000000000000000 01090702190007200818                    100818000000000324075630940010702190000100000000000000000000000000000000000000000000000000000000000000000000000000003240000000000000000000000000000000000000000000000000000010000000000000          0003609756063000000000000000000000000000000000000000000047
1022542123500018830940000316741000000                         00000004221301000000DM 00000000000000000000 01090702190004910818                    100818000000000324075630940010702190000100000000000000000000000000000000000000000000000000000000000000000000000000003240000000000000000000000000000000000000000000000000000010000000000000          0002624052160400000000000000000000000000000000000000000048
1022542123500018830940000316741000000                         00000002785501000000DM 00000000000000000000 01090702190001520818                    100818000000000324075630940010702190000100000000000000000000000000000000000000000000000000000000000000000000000000003240000000000000000000000000000000000000000000000000000010000000000000          0000719132169500000000000000000000000000000000000000000049
1022542123500018830940000316741000000                         00000003353101000000DM 00000000000000000000 01090702190024350818                    100818000000000324075630940010702190000100000000000000000000000000000000000000000000000000000000000000000000000000003240000000000000000000000000000000000000000000000000000010000000000000          0008566563069100000000000000000000000000000000000000000050
1022542123500018830940000316741000000                         00000003401001000000DM 00000000000000000000 01090702190017830818                    100818000000000324075630940010702190000100000000000000000000000000000000000000000000000000000000000000000000000000003240000000000000000000000000000000000000000000000000000010000000000000          0007674540669100000000000000000000000000000000000000000051
1022542123500018830940000316741000000                         00000003497701000000DM 00000000000000000000 01090702190017220818                    100818000000000324075630940010702190000100000000000000000000000000000000000000000000000000000000000000000000000000003240000000000000000000000000000000000000000000000000000010000000000000          0000326379860000000000000000000000000000000000000000000052
1022542123500018830940000316741000000                         00000004377701000000DM 00000000000000000000 01090702190030410818                    100818000000000374075630940010702190000100000000000000000000000000000000000000000000000000000000000000000000000000003740000000000000000000000000000000000000000000000000000010000000000000          0006919796260000000000000000000000000000000000000000000053
1022542123500018830940000316741000000                         00000004479301000000DM 00000000000000000000 01090702190030660818                    100818000000000324075630940010702190000100000000000000000000000000000000000000000000000000000000000000000000000000003240000000000000000000000000000000000000000000000000000010000000000000          0000927428865400000000000000000000000000000000000000000054
1022542123500018830940000316741000000                         00000004454001000000DM 00000000000000000000 01090702190017950818                    100818000000000324075630940010702190000100000000000000000000000000000000000000000000000000000000000000000000000000003240000000000000000000000000000000000000000000000000000010000000000000          0000027258068600000000000000000000000000000000000000000055
1022542123500018830940000316741000000                         00000004468201000000DM 00000000000000000000 01090702190030670818                    100818000000000374075630940010702190000100000000000000000000000000000000000000000000000000000000000000000000000000003740000000000000000000000000000000000000000000000000000010000000000000          0004937862766800000000000000000000000000000000000000000056
1022542123500018830940000316741000000                         00000004572401000000DM 00000000000000000000 01090702190026040818                    100818000000000374075630940010702190000100000000000000000000000000000000000000000000000000000000000000000000000000003740000000000000000000000000000000000000000000000000000010000000000000          0007148771960400000000000000000000000000000000000000000057
1022542123500018830940000316741000000                         00000004560601000000DM 00000000000000000000 01090702190016380818                    100818000000000324075630940010702190000100000000000000000000000000000000000000000000000000000000000000000000000000003240000000000000000000000000000000000000000000000000000010000000000000          0004897108160000000000000000000000000000000000000000000058
1022542123500018830940000316741000000                         00000004629901000000DM 00000000000000000000 01090702191000180718                    100818000000005408075630940010702190000100000000000000000000000000000000000000000000000000000000000000000000000000054080000000000000000000000000000000000000000000000000000010000000000000          1823706600016500000000000000000000000000000000000000000059
1022542123500018830940000316741000000                         00000004777401000000DM 00000000000000000000 01060802190004350219                    100219000000000324034109440010802190000250000000000000000000000000000000000000000000000000000000000000000000000000003240000000000000000000000000000000000000000000000000000010000000000000          0001514063611500000000000000000000000000000000000000000060
1022542123500018830940000316741000000                         00000004657501000000DM 00000000000000000000 01060802190000410219                    100219000000000324023716910010802190000250000000000000000000000000000000000000000000000000000000000000000000000000003240000000000000000000000000000000000000000000000000000010000000000000          0000565324365500000000000000000000000000000000000000000061
1022542123500018830940000316741000000                         00000004705401000000DM 00000000000000000000 01061102190002560219                    100219000000000324075630940011102190000250000000000000000000000000000000000000000000000000000000000000000000000000003240000000000000000000000000000000000000000000000000000010000000000000          0000474784860600000000000000000000000000000000000000000062
1022542123500018830940000316741000000                         00000005642401000000DM 00000000000000000000 01060702190029700219                    100219000000000374010400970010702190000250000000000000000000000000000000000000000000000000000000000000000000000000003740000000000000000000000000000000000000000000000000000010000000000000          0000214486281800000000000000000000000000000000000000000063
1022542123500018830940000316741000000                         00000004801701000000DM 00000000000000000000 01060702190004530219                    100219000000000374010400970010702190000250000000000000000000000000000000000000000000000000000000000000000000000000003740000000000000000000000000000000000000000000000000000010000000000000          0000786278560600000000000000000000000000000000000000000064
1022542123500018830940000316741000000                         00000004837101000000DM 00000000000000000000 01061102190005350219                    100219000000000324010400970011102190000250000000000000000000000000000000000000000000000000000000000000000000000000003240000000000000000000000000000000000000000000000000000010000000000000          0000659773163800000000000000000000000000000000000000000065
1022542123500018830940000316741000000                         00000004873701000000DM 00000000000000000000 01061102190006480219                    100219000000000374010400970011102190000250000000000000000000000000000000000000000000000000000000000000000000000000003740000000000000000000000000000000000000000000000000000010000000000000          0001612677762000000000000000000000000000000000000000000066
1022542123500018830940000316741000000                         00000004669301000000DM 00000000000000000000 01060702190001140219                    100219000000000324010400970010702190000250000000000000000000000000000000000000000000000000000000000000000000000000003240000000000000000000000000000000000000000000000000000010000000000000          0004897155363400000000000000000000000000000000000000000067
1022542123500018830940000316741000000                         00000004681201000000DM 00000000000000000000 01060602190002360219                    100219000000000374010400970010602190000250000000000000000000000000000000000000000000000000000000000000000000000000003740000000000000000000000000000000000000000000000000000010000000000000          0000569370264200000000000000000000000000000000000000000068
1022542123500018830940000316741000000                         00000004717201000000DM 00000000000000000000 01060702190004110219                    100219000000000374010400970010702190000250000000000000000000000000000000000000000000000000000000000000000000000000003740000000000000000000000000000000000000000000000000000010000000000000          0007246051260000000000000000000000000000000000000000000069
1022542123500018830940000316741000000                         00000005534301000000DM 00000000000000000000 01061102190027500219                    100219000000000374010400970011102190000250000000000000000000000000000000000000000000000000000000000000000000000000003740000000000000000000000000000000000000000000000000000010000000000000          0000282899960200000000000000000000000000000000000000000070
1022542123500018830940000316741000000                         00000005282101000000DM 00000000000000000000 01061102190017830219                    100219000000000324075630940011102190000250000000000000000000000000000000000000000000000000000000000000000000000000003240000000000000000000000000000000000000000000000000000010000000000000          0007674540669100000000000000000000000000000000000000000071
1022542123500018830940000316741000000                         00000005089901000000DM 00000000000000000000 01061102190012340219                    100219000000000324075630940011102190000250000000000000000000000000000000000000000000000000000000000000000000000000003240000000000000000000000000000000000000000000000000000010000000000000          0008461066260400000000000000000000000000000000000000000072
1022542123500018830940000316741000000                         00000005137801000000DM 00000000000000000000 01060602190014480219                    100219000000000324010400970010602190000250000000000000000000000000000000000000000000000000000000000000000000000000003240000000000000000000000000000000000000000000000000000010000000000000          0005227926069700000000000000000000000000000000000000000073
1022542123500018830940000316741000000                         00000004933401000000DM 00000000000000000000 01061102190008470219                    100219000000000374010400970011102190000250000000000000000000000000000000000000000000000000000000000000000000000000003740000000000000000000000000000000000000000000000000000010000000000000          0000150671660100000000000000000000000000000000000000000074
1022542123500018830940000316741000000                         00000004982501000000DM 00000000000000000000 01061102190010140319                    100319000000000374010400970011102190000250000000000000000000000000000000000000000000000000000000000000000000000000003740000000000000000000000000000000000000000000000000000010000000000000          0005764752663400000000000000000000000000000000000000000075
1022542123500018830940000316741000000                         00000005017901000000DM 00000000000000000000 01060702190010460219                    100219000000000324010400970010702190000250000000000000000000000000000000000000000000000000000000000000000000000000003240000000000000000000000000000000000000000000000000000010000000000000          0000013014064300000000000000000000000000000000000000000076
1022542123500018830940000316741000000                         00000005186901000000DM 00000000000000000000 01061102190014950219                    100219000000000324010400970011102190000250000000000000000000000000000000000000000000000000000000000000000000000000003240000000000000000000000000000000000000000000000000000010000000000000          0000136752462800000000000000000000000000000000000000000077
1022542123500018830940000316741000000                         00000005378301000000DM 00000000000000000000 01060802190024530219                    100219000000000374010400970010802190000250000000000000000000000000000000000000000000000000000000000000000000000000003740000000000000000000000000000000000000000000000000000010000000000000          0003607094764900000000000000000000000000000000000000000078
1022542123500018830940000316741000000                         00000005426201000000DM 00000000000000000000 01060702190025270219                    100219000000000374010400970010702190000250000000000000000000000000000000000000000000000000000000000000000000000000003740000000000000000000000000000000000000000000000000000010000000000000          0000677178867900000000000000000000000000000000000000000079
1022542123500018830940000316741000000                         00000005462801000000DM 00000000000000000000 01060802190026650219                    100219000000000374034109440010802190000250000000000000000000000000000000000000000000000000000000000000000000000000003740000000000000000000000000000000000000000000000000000010000000000000          0000694769266000000000000000000000000000000000000000000080
1022542123500018830940000316741000000                         00000004742701000000DM 00000000000000000000 01061102190004160319                    100319000000000324034109440011102190000250000000000000000000000000000000000000000000000000000000000000000000000000003240000000000000000000000000000000000000000000000000000010000000000000          0009147587261500000000000000000000000000000000000000000081
1022542123500018830940000316741000000                         00000004957001000000DM 00000000000000000000 01061102190009010219                    100219000000000324010400970011102190000250000000000000000000000000000000000000000000000000000000000000000000000000003240000000000000000000000000000000000000000000000000000010000000000000          0009470166060400000000000000000000000000000000000000000082
1022542123500018830940000316741000000                         00000005101301000000DM 00000000000000000000 01060602190013270219                    100219000000000324010400970010602190000250000000000000000000000000000000000000000000000000000000000000000000000000003240000000000000000000000000000000000000000000000000000010000000000000          0005974586069700000000000000000000000000000000000000000083
1022542123500018830940000316741000000                         00000004765601000000DM 00000000000000000000 01060802190004270219                    100219000000000324010400970010802190000250000000000000000000000000000000000000000000000000000000000000000000000000003240000000000000000000000000000000000000000000000000000010000000000000          0000329979965700000000000000000000000000000000000000000084
1022542123500018830940000316741000000                         00000004861901000000DM 00000000000000000000 01061102190005930219                    100219000000000324010400970011102190000250000000000000000000000000000000000000000000000000000000000000000000000000003240000000000000000000000000000000000000000000000000000010000000000000          0003023575860400000000000000000000000000000000000000000085
1022542123500018830940000316741000000                         00000004909701000000DM 00000000000000000000 01061102190008390219                    100219000000000324010400970011102190000250000000000000000000000000000000000000000000000000000000000000000000000000003240000000000000000000000000000000000000000000000000000010000000000000          0004904386264900000000000000000000000000000000000000000086
1022542123500018830940000316741000000                         00000004921601000000DM 00000000000000000000 01060602190008410219                    100219000000000324010400970010602190000250000000000000000000000000000000000000000000000000000000000000000000000000003240000000000000000000000000000000000000000000000000000010000000000000          0004459589168700000000000000000000000000000000000000000087
1022542123500018830940000316741000000                         00000004729001000000DM 00000000000000000000 01061102190004140219                    100219000000000374003334670011102190000250000000000000000000000000000000000000000000000000000000000000000000000000003740000000000000000000000000000000000000000000000000000010000000000000          0000303613564200000000000000000000000000000000000000000088
1022542123500018830940000316741000000                         00000005234801000000DM 00000000000000000000 01060802190016360219                    100219000000000374010400970010802190000250000000000000000000000000000000000000000000000000000000000000000000000000003740000000000000000000000000000000000000000000000000000010000000000000          0004340692069100000000000000000000000000000000000000000089
1022542123500018830940000316741000000                         00000005546101000000DM 00000000000000000000 01060802190028150219                    100219000000000374010400970010802190000250000000000000000000000000000000000000000000000000000000000000000000000000003740000000000000000000000000000000000000000000000000000010000000000000          0001026372666500000000000000000000000000000000000000000090
1022542123500018830940000316741000000                         00000005005001000000DM 00000000000000000000 01060802190010210219                    100219000000000324010400970010802190000250000000000000000000000000000000000000000000000000000000000000000000000000003240000000000000000000000000000000000000000000000000000010000000000000          0007187518269100000000000000000000000000000000000000000091
1022542123500018830940000316741000000                         00000005606901000000DM 00000000000000000000 01060702190029010219                    100219000000000374010400970010702190000250000000000000000000000000000000000000000000000000000000000000000000000000003740000000000000000000000000000000000000000000000000000010000000000000          0002483652468700000000000000000000000000000000000000000092
1022542123500018830940000316741000000                         00000005722901000000DM 00000000000000000000 01061102190030690219                    100219000000000374075630940011102190000250000000000000000000000000000000000000000000000000000000000000000000000000003740000000000000000000000000000000000000000000000000000010000000000000          0006037461660400000000000000000000000000000000000000000093
1022542123500018830940000316741000000                         00000004825301000000DM 00000000000000000000 01060802190005190219                    100219000000000324010400970010802190000250000000000000000000000000000000000000000000000000000000000000000000000000003240000000000000000000000000000000000000000000000000000010000000000000          0007188477760000000000000000000000000000000000000000000094
1022542123500018830940000316741000000                         00000004969901000000DM 00000000000000000000 01061102190009530219                    100219000000000324003334670011102190000250000000000000000000000000000000000000000000000000000000000000000000000000003240000000000000000000000000000000000000000000000000000010000000000000          0004361846464900000000000000000000000000000000000000000095
1022542123500018830940000316741000000                         00000004981801000000DM 00000000000000000000 01061102190010140219                    100219000000000374010400970011102190000250000000000000000000000000000000000000000000000000000000000000000000000000003740000000000000000000000000000000000000000000000000000010000000000000          0005764752663400000000000000000000000000000000000000000096
1022542123500018830940000316741000000                         00000005041601000000DM 00000000000000000000 01060802190010920219                    100219000000000324010400970010802190000250000000000000000000000000000000000000000000000000000000000000000000000000003240000000000000000000000000000000000000000000000000000010000000000000          0007570230469100000000000000000000000000000000000000000097
1022542123500018830940000316741000000                         00000005174001000000DM 00000000000000000000 01060602190014700219                    100219000000000324010400970010602190000250000000000000000000000000000000000000000000000000000000000000000000000000003240000000000000000000000000000000000000000000000000000010000000000000          0008318973461500000000000000000000000000000000000000000098
1022542123500018830940000316741000000                         00000005198701000000DM 00000000000000000000 01060702190015230219                    100219000000000324010400970010702190000250000000000000000000000000000000000000000000000000000000000000000000000000003240000000000000000000000000000000000000000000000000000010000000000000          0003225778362000000000000000000000000000000000000000000099
1022542123500018830940000316741000000                         00000005246601000000DM 00000000000000000000 01060702190017220219                    100219000000000324010400970010702190000250000000000000000000000000000000000000000000000000000000000000000000000000003240000000000000000000000000000000000000000000000000000010000000000000          0000326379860000000000000000000000000000000000000000000100
1022542123500018830940000316741000000                         00000005734701000000DM 00000000000000000000 01061102190029220219                    100219000000000374000102100011102190000250000000000000000000000000000000000000000000000000000000000000000000000000003740000000000000000000000000000000000000000000000000000010000000000000          0005554795862000000000000000000000000000000000000000000101
1022542123500018830940000316741000000                         00000005767001000000DM 00000000000000000000 01061102191000100119                    100219000000002458000142020011102190000250000000000000000000000000000000000000000000000000000000000000000000000000024580000000000000000000000000000000000000000000000000000010000000000000          7097303700034300000000000000000000000000000000000000000102
1022542123500018830940000316741000000                         00000005770201000000DM 00000000000000000000 01061102191000110119                    100219000000001745023716910011102190000250000000000000000000000000000000000000000000000000000000000000000000000000017450000000000000000000000000000000000000000000000000000010000000000000          3874637600038400000000000000000000000000000000000000000103
1022542123500018830940000316741000000                         00000005766201000000DM 00000000000000000000 01061102191000070119                    100219000000001047000142020011102190000250000000000000000000000000000000000000000000000000000000000000000000000000010470000000000000000000000000000000000000000000000000000010000000000000          7097303700069600000000000000000000000000000000000000000104
1022542123500018830940000316741000000                         00000005768701000000DM 00000000000000000000 01061102191000120119                    100219000000000698000102100011102190000250000000000000000000000000000000000000000000000000000000000000000000000000006980000000000000000000000000000000000000000000000000000010000000000000          7097216100012200000000000000000000000000000000000000000105
1022542123500018830940000316741000000                         00000005771001000000DM 00000000000000000000 01061102191000210119                    100219000000000526575640790011102190000250000000000000000000000000000000000000000000000000000000000000000000000000005265000000000000000000000000000000000000000000000000000010000000000000          6522717500018100000000000000000000000000000000000000000106
1022542123500018830940000316741000000                         00000005769401000000DM 00000000000000000000 01061102191000150119                    100219000000000349000142020011102190000250000000000000000000000000000000000000000000000000000000000000000000000000003490000000000000000000000000000000000000000000000000000010000000000000          7097303700093900000000000000000000000000000000000000000107
9027563094SICOOB CREDIARA          RUA MARIA RITA DE AGUIAR                          CENTRO                        38183236ARAXÁ                         MG120620190000010600000000113                                                                                                                                                                                                                    000108
