02RETORNO01COBRANÇA       30940000327964316741J REZENDE                     756 - BANCOOB S/A 1706190000326                                                                                                                                                                                                                                                                                               000001
1022542123500018830940000316741000000                         00000003333401000000DM 00000000000000000000 01091406190013891218                    151218000000000324075630940011406190000100000000000000000000000000000000000000000000000000000000000000000000000000003240000000000000000000000000000000000000000000000000000010000000000000          0000690262868800000000000000000000000000000000000000000002
1022542123500018830940000316741000000                         00000003752101000000DM 00000000000000000000 01091406190029681218                    151218000000000374075630940011406190000100000000000000000000000000000000000000000000000000000000000000000000000000003740000000000000000000000000000000000000000000000000000010000000000000          0000270724966100000000000000000000000000000000000000000003
1022542123500018830940000316741000000                         00000005833101000000DM 00000000000000000000 01061206191000250519                    200619000000000388010400970011206190000250000000000000000000000000000000000000000000000000000000000000000000000000003880000000000000000000000000000000000000000000000000000010000000000000          2604146700017300000000000000000000000000000000000000000004
9027563094SICOOB CREDIARA          RUA MARIA RITA DE AGUIAR                          CENTRO                        38183236ARAXÁ                         MG170620190000000300000000113                                                                                                                                                                                                                    000005
