02RETORNO01COBRANÇA       30940000327964316741J REZENDE                     756 - BANCOOB S/A 1206190000320                                                                                                                                                                                                                                                                                               000001
1022542123500018830940000316741000000                         00000004729001000000DM 00000000000000000000 01061102190004140219                    100219000000000374003334670011102190000250000000000000000000000000000000000000000000000000000000000000000000000000003740000000000000000000000000000000000000000000000000000010000000000000          0000303613564200000000000000000000000000000000000000000002
1022542123500018830940000316741000000                         00000004933401000000DM 00000000000000000000 01061102190008470219                    100219000000000374010400970011102190000250000000000000000000000000000000000000000000000000000000000000000000000000003740000000000000000000000000000000000000000000000000000010000000000000          0000150671660100000000000000000000000000000000000000000003
1022542123500018830940000316741000000                         00000004982501000000DM 00000000000000000000 01061102190010140319                    100319000000000374010400970011102190000250000000000000000000000000000000000000000000000000000000000000000000000000003740000000000000000000000000000000000000000000000000000010000000000000          0005764752663400000000000000000000000000000000000000000004
1022542123500018830940000316741000000                         00000005186901000000DM 00000000000000000000 01061102190014950219                    100219000000000324010400970011102190000250000000000000000000000000000000000000000000000000000000000000000000000000003240000000000000000000000000000000000000000000000000000010000000000000          0000136752462800000000000000000000000000000000000000000005
1022542123500018830940000316741000000                         00000005766201000000DM 00000000000000000000 01061102191000070119                    100219000000001047000142020011102190000250000000000000000000000000000000000000000000000000000000000000000000000000010470000000000000000000000000000000000000000000000000000010000000000000          7097303700069600000000000000000000000000000000000000000006
1022542123500018830940000316741000000                         00000005769401000000DM 00000000000000000000 01061102191000150119                    100219000000000349000142020011102190000250000000000000000000000000000000000000000000000000000000000000000000000000003490000000000000000000000000000000000000000000000000000010000000000000          7097303700093900000000000000000000000000000000000000000007
1022542123500018830940000316741000000                         00000003748101000000DM 00000000000000000000 01091202190029680818                    150818000000000374075630940011202190000100000000000000000000000000000000000000000000000000000000000000000000000000003740000000000000000000000000000000000000000000000000000010000000000000          0000270724966100000000000000000000000000000000000000000008
1022542123500018830940000316741000000                         00000003329401000000DM 00000000000000000000 01091202190013890818                    150818000000000324075630940011202190000100000000000000000000000000000000000000000000000000000000000000000000000000003240000000000000000000000000000000000000000000000000000010000000000000          0000690262868800000000000000000000000000000000000000000009
1022542123500018830940000316741000000                         00000005282101000000DM 00000000000000000000 01061102190017830219                    100219000000000324075630940011102190000250000000000000000000000000000000000000000000000000000000000000000000000000003240000000000000000000000000000000000000000000000000000010000000000000          0007674540669100000000000000000000000000000000000000000010
1022542123500018830940000316741000000                         00000005722901000000DM 00000000000000000000 01061102190030690219                    100219000000000374075630940011102190000250000000000000000000000000000000000000000000000000000000000000000000000000003740000000000000000000000000000000000000000000000000000010000000000000          0006037461660400000000000000000000000000000000000000000011
1022542123500018830940000316741000000                         00000005065201000000DM 00000000000000000000 01061202190011060219                    100219000000000324075630940011202190000250000000000000000000000000000000000000000000000000000000000000000000000000003245000000000000500000000000000000000000000000000000000010000000000000          0000306014564400000000000000000000000000000000000000000012
1022542123500018830940000316741000000                         00000005089901000000DM 00000000000000000000 01061102190012340219                    100219000000000324075630940011102190000250000000000000000000000000000000000000000000000000000000000000000000000000003240000000000000000000000000000000000000000000000000000010000000000000          0008461066260400000000000000000000000000000000000000000013
1022542123500018830940000316741000000                         00000005770201000000DM 00000000000000000000 01061102191000110119                    100219000000001745023716910011102190000250000000000000000000000000000000000000000000000000000000000000000000000000017450000000000000000000000000000000000000000000000000000010000000000000          3874637600038400000000000000000000000000000000000000000014
1022542123500018830940000316741000000                         00000005678901000000DM 00000000000000000000 01061202190030330219                    100219000000000374075630940011202190000250000000000000000000000000000000000000000000000000000000000000000000000000003745000000000000500000000000000000000000000000000000000010000000000000          0008285259668700000000000000000000000000000000000000000015
1022542123500018830940000316741000000                         00000005534301000000DM 00000000000000000000 01061102190027500219                    100219000000000374010400970011102190000250000000000000000000000000000000000000000000000000000000000000000000000000003740000000000000000000000000000000000000000000000000000010000000000000          0000282899960200000000000000000000000000000000000000000016
1022542123500018830940000316741000000                         00000004837101000000DM 00000000000000000000 01061102190005350219                    100219000000000324010400970011102190000250000000000000000000000000000000000000000000000000000000000000000000000000003240000000000000000000000000000000000000000000000000000010000000000000          0000659773163800000000000000000000000000000000000000000017
1022542123500018830940000316741000000                         00000004873701000000DM 00000000000000000000 01061102190006480219                    100219000000000374010400970011102190000250000000000000000000000000000000000000000000000000000000000000000000000000003740000000000000000000000000000000000000000000000000000010000000000000          0001612677762000000000000000000000000000000000000000000018
1022542123500018830940000316741000000                         00000004909701000000DM 00000000000000000000 01061102190008390219                    100219000000000324010400970011102190000250000000000000000000000000000000000000000000000000000000000000000000000000003240000000000000000000000000000000000000000000000000000010000000000000          0004904386264900000000000000000000000000000000000000000019
1022542123500018830940000316741000000                         00000004969901000000DM 00000000000000000000 01061102190009530219                    100219000000000324003334670011102190000250000000000000000000000000000000000000000000000000000000000000000000000000003240000000000000000000000000000000000000000000000000000010000000000000          0004361846464900000000000000000000000000000000000000000020
1022542123500018830940000316741000000                         00000004981801000000DM 00000000000000000000 01061102190010140219                    100219000000000374010400970011102190000250000000000000000000000000000000000000000000000000000000000000000000000000003740000000000000000000000000000000000000000000000000000010000000000000          0005764752663400000000000000000000000000000000000000000021
1022542123500018830940000316741000000                         00000005734701000000DM 00000000000000000000 01061102190029220219                    100219000000000374000102100011102190000250000000000000000000000000000000000000000000000000000000000000000000000000003740000000000000000000000000000000000000000000000000000010000000000000          0005554795862000000000000000000000000000000000000000000022
1022542123500018830940000316741000000                         00000005768701000000DM 00000000000000000000 01061102191000120119                    100219000000000698000102100011102190000250000000000000000000000000000000000000000000000000000000000000000000000000006980000000000000000000000000000000000000000000000000000010000000000000          7097216100012200000000000000000000000000000000000000000023
1022542123500018830940000316741000000                         00000005771001000000DM 00000000000000000000 01061102191000210119                    100219000000000526575640790011102190000250000000000000000000000000000000000000000000000000000000000000000000000000005265000000000000000000000000000000000000000000000000000010000000000000          6522717500018100000000000000000000000000000000000000000024
1022542123500018830940000316741000000                         00000004742701000000DM 00000000000000000000 01061102190004160319                    100319000000000324034109440011102190000250000000000000000000000000000000000000000000000000000000000000000000000000003240000000000000000000000000000000000000000000000000000010000000000000          0009147587261500000000000000000000000000000000000000000025
1022542123500018830940000316741000000                         00000004957001000000DM 00000000000000000000 01061102190009010219                    100219000000000324010400970011102190000250000000000000000000000000000000000000000000000000000000000000000000000000003240000000000000000000000000000000000000000000000000000010000000000000          0009470166060400000000000000000000000000000000000000000026
1022542123500018830940000316741000000                         00000005150401000000DM 00000000000000000000 01061402190030710219                    100219000000000374075630940011402190000250000000000000000000000000000000000000000000000000000000000000000000000000003748000000000000800000000000000000000000000000000000000010000000000000          0000953633063600000000000000000000000000000000000000000027
1022542123500018830940000316741000000                         00000004861901000000DM 00000000000000000000 01061102190005930219                    100219000000000324010400970011102190000250000000000000000000000000000000000000000000000000000000000000000000000000003240000000000000000000000000000000000000000000000000000010000000000000          0003023575860400000000000000000000000000000000000000000028
1022542123500018830940000316741000000                         00000004705401000000DM 00000000000000000000 01061102190002560219                    100219000000000324075630940011102190000250000000000000000000000000000000000000000000000000000000000000000000000000003240000000000000000000000000000000000000000000000000000010000000000000          0000474784860600000000000000000000000000000000000000000029
1022542123500018830940000316741000000                         00000005767001000000DM 00000000000000000000 01061102191000100119                    100219000000002458000142020011102190000250000000000000000000000000000000000000000000000000000000000000000000000000024580000000000000000000000000000000000000000000000000000010000000000000          7097303700034300000000000000000000000000000000000000000030
9027563094SICOOB CREDIARA          RUA MARIA RITA DE AGUIAR                          CENTRO                        38183236ARAXÁ                         MG120620190000002900000000113                                                                                                                                                                                                                    000031
