02RETORNO01COBRANÇA       30940000327964316741J REZENDE                     756 - BANCOOB S/A 0406190000310                                                                                                                                                                                                                                                                                               000001
1022542123500018830940000316741000000                         00000005453101000000DM 00000000000000000000 01062105190026050519                    100519000000000374075630940012105190000250000000000000000000000000000000000000000000000000000000000000000000000000003756000000000001600000000000000000000000000000000000000010000000000000          0000258153466400000000000000000000000000000000000000000002
1022542123500018830940000316741000000                         00000005153601000000DM 00000000000000000000 01062105190030710519                    100519000000000374010400970012105190000250000000000000000000000000000000000000000000000000000000000000000000000000003756000000000001600000000000000000000000000000000000000010000000000000          0000953633063600000000000000000000000000000000000000000003
9027563094SICOOB CREDIARA          RUA MARIA RITA DE AGUIAR                          CENTRO                        38183236ARAXÁ                         MG040620190000000200000000113                                                                                                                                                                                                                    000004
