02RETORNO01COBRANÇA       30940000327964316741J REZENDE                     756 - BANCOOB S/A 1206190000316                                                                                                                                                                                                                                                                                               000001
1022542123500018830940000316741000000                         00000003196401000000DM 00000000000000000000 01090701190009530718                    100718000000000324075630940010701190000100000000000000000000000000000000000000000000000000000000000000000000000000003240000000000000000000000000000000000000000000000000000010000000000000          0004361846464900000000000000000000000000000000000000000002
1022542123500018830940000316741000000                         00000003244301000000DM 00000000000000000000 01090701190010460718                    100718000000000324075630940010701190000100000000000000000000000000000000000000000000000000000000000000000000000000003240000000000000000000000000000000000000000000000000000010000000000000          0000013014064300000000000000000000000000000000000000000003
1022542123500018830940000316741000000                         00000003352401000000DM 00000000000000000000 01090701190024350718                    100718000000000324075630940010701190000100000000000000000000000000000000000000000000000000000000000000000000000000003240000000000000000000000000000000000000000000000000000010000000000000          0008566563069100000000000000000000000000000000000000000004
1022542123500018830940000316741000000                         00000003448601000000DM 00000000000000000000 01090701190015840718                    100718000000000324075630940010701190000100000000000000000000000000000000000000000000000000000000000000000000000000003240000000000000000000000000000000000000000000000000000010000000000000          0006872201061000000000000000000000000000000000000000000005
1022542123500018830940000316741000000                         00000002856301000000DM 00000000000000000000 01090701190004140718                    100718000000000374075630940010701190000100000000000000000000000000000000000000000000000000000000000000000000000000003740000000000000000000000000000000000000000000000000000010000000000000          0000303613564200000000000000000000000000000000000000000006
1022542123500018830940000316741000000                         00000003711001000000DM 00000000000000000000 01090701190029160718                    100718000000000374075630940010701190000100000000000000000000000000000000000000000000000000000000000000000000000000003740000000000000000000000000000000000000000000000000000010000000000000          0001248442318700000000000000000000000000000000000000000007
1022542123500018830940000316741000000                         00000003771101000000DM 00000000000000000000 01090701190029710718                    100718000000000374075630940010701190000100000000000000000000000000000000000000000000000000000000000000000000000000003740000000000000000000000000000000000000000000000000000010000000000000          0002729840060600000000000000000000000000000000000000000008
1022542123500018830940000316741000000                         00000003788601000000DM 00000000000000000000 01090701190029770718                    100718000000000374075630940010701190000100000000000000000000000000000000000000000000000000000000000000000000000000003740000000000000000000000000000000000000000000000000000010000000000000          0006219557360000000000000000000000000000000000000000000009
1022542123500018830940000316741000000                         00000004040001000000DM 00000000000000000000 01090701190014420718                    100718000000000324075630940010701190000100000000000000000000000000000000000000000000000000000000000000000000000000003240000000000000000000000000000000000000000000000000000010000000000000          0000534757766500000000000000000000000000000000000000000010
1022542123500018830940000316741000000                         00000004136101000000DM 00000000000000000000 01090701190027500718                    100718000000000374075630940010701190000100000000000000000000000000000000000000000000000000000000000000000000000000003740000000000000000000000000000000000000000000000000000010000000000000          0000282899960200000000000000000000000000000000000000000011
1022542123500018830940000316741000000                         00000004148001000000DM 00000000000000000000 01090701190025310718                    100718000000000374075630940010701190000100000000000000000000000000000000000000000000000000000000000000000000000000003740000000000000000000000000000000000000000000000000000010000000000000          0000797618260900000000000000000000000000000000000000000012
1022542123500018830940000316741000000                         00000004220601000000DM 00000000000000000000 01090701190004910718                    100718000000000324075630940010701190000100000000000000000000000000000000000000000000000000000000000000000000000000003240000000000000000000000000000000000000000000000000000010000000000000          0002624052160400000000000000000000000000000000000000000013
1022542123500018830940000316741000000                         00000003280901000000DM 00000000000000000000 01090701190012200718                    100718000000000324075630940010701190000100000000000000000000000000000000000000000000000000000000000000000000000000003240000000000000000000000000000000000000000000000000000010000000000000          0005183755876000000000000000000000000000000000000000000014
1022542123500018830940000316741000000                         00000003388901000000DM 00000000000000000000 01090701190024730718                    100718000000000374075630940010701190000100000000000000000000000000000000000000000000000000000000000000000000000000003740000000000000000000000000000000000000000000000000000010000000000000          0001603579869100000000000000000000000000000000000000000015
1022542123500018830940000316741000000                         00000003555001000000DM 00000000000000000000 01090701190022690718                    100718000000000374075630940010701190000100000000000000000000000000000000000000000000000000000000000000000000000000003740000000000000000000000000000000000000000000000000000010000000000000          0006307307269100000000000000000000000000000000000000000016
1022542123500018830940000316741000000                         00000003088301000000DM 00000000000000000000 01090701190008690718                    100718000000000324075630940010701190000100000000000000000000000000000000000000000000000000000000000000000000000000003240000000000000000000000000000000000000000000000000000010000000000000          0000027442861000000000000000000000000000000000000000000017
1022542123500018830940000316741000000                         00000003136201000000DM 00000000000000000000 01090701190005450718                    100718000000000324075630940010701190000100000000000000000000000000000000000000000000000000000000000000000000000000003240000000000000000000000000000000000000000000000000000010000000000000          0003013578866800000000000000000000000000000000000000000018
1022542123500018830940000316741000000                         00000003220701000000DM 00000000000000000000 01090701190010200718                    100718000000000374075630940010701190000100000000000000000000000000000000000000000000000000000000000000000000000000003740000000000000000000000000000000000000000000000000000010000000000000          0003616071763400000000000000000000000000000000000000000019
1022542123500018830940000316741000000                         00000003496001000000DM 00000000000000000000 01090701190017220718                    100718000000000324075630940010701190000100000000000000000000000000000000000000000000000000000000000000000000000000003240000000000000000000000000000000000000000000000000000010000000000000          0000326379860000000000000000000000000000000000000000000020
1022542123500018830940000316741000000                         00000003579601000000DM 00000000000000000000 01090701190023040718                    100718000000000374075630940010701190000100000000000000000000000000000000000000000000000000000000000000000000000000003740000000000000000000000000000000000000000000000000000010000000000000          0004225353567200000000000000000000000000000000000000000021
1022542123500018830940000316741000000                         00000003076501000000DM 00000000000000000000 01090701190008470718                    100718000000000374075630940010701190000100000000000000000000000000000000000000000000000000000000000000000000000000003740000000000000000000000000000000000000000000000000000010000000000000          0000150671660100000000000000000000000000000000000000000022
1022542123500018830940000316741000000                         00000003531301000000DM 00000000000000000000 01090701190022630718                    100718000000000324075630940010701190000100000000000000000000000000000000000000000000000000000000000000000000000000003240000000000000000000000000000000000000000000000000000010000000000000          0002485828563400000000000000000000000000000000000000000023
1022542123500018830940000316741000000                         00000003567801000000DM 00000000000000000000 01090701190022820718                    100718000000000324075630940010701190000100000000000000000000000000000000000000000000000000000000000000000000000000003240000000000000000000000000000000000000000000000000000010000000000000          0007188059365300000000000000000000000000000000000000000024
1022542123500018830940000316741000000                         00000004052801000000DM 00000000000000000000 01090701190014430718                    100718000000000324075630940010701190000100000000000000000000000000000000000000000000000000000000000000000000000000003240000000000000000000000000000000000000000000000000000010000000000000          0000696140365400000000000000000000000000000000000000000025
1022542123500018830940000316741000000                         00000004100701000000DM 00000000000000000000 01090701190014950718                    100718000000000324075630940010701190000100000000000000000000000000000000000000000000000000000000000000000000000000003240000000000000000000000000000000000000000000000000000010000000000000          0000136752462800000000000000000000000000000000000000000026
1022542123500018830940000316741000000                         00000003848301000000DM 00000000000000000000 01090701190030290718                    100718000000000374075630940010701190000100000000000000000000000000000000000000000000000000000000000000000000000000003740000000000000000000000000000000000000000000000000000010000000000000          0001252081260500000000000000000000000000000000000000000027
1022542123500018830940000316741000000                         00000004207001000000DM 00000000000000000000 01090701190030430718                    100718000000000374075630940010701190000100000000000000000000000000000000000000000000000000000000000000000000000000003740000000000000000000000000000000000000000000000000000010000000000000          0000394635469600000000000000000000000000000000000000000028
1022542123500018830940000316741000000                         00000003735601000000DM 00000000000000000000 01090701190029630718                    100718000000000374075630940010701190000100000000000000000000000000000000000000000000000000000000000000000000000000003740000000000000000000000000000000000000000000000000000010000000000000          0000559499965500000000000000000000000000000000000000000029
1022542123500018830940000316741000000                         00000003920001000000DM 00000000000000000000 01090701190025960718                    100718000000000374075630940010701190000100000000000000000000000000000000000000000000000000000000000000000000000000003740000000000000000000000000000000000000000000000000000010000000000000          0009277829168700000000000000000000000000000000000000000030
1022542123500018830940000316741000000                         00000003992001000000DM 00000000000000000000 01090701190026750718                    100718000000000374075630940010701190000100000000000000000000000000000000000000000000000000000000000000000000000000003740000000000000000000000000000000000000000000000000000010000000000000          0001130201368800000000000000000000000000000000000000000031
1022542123500018830940000316741000000                         00000004184501000000DM 00000000000000000000 01090701190026730718                    100718000000000374075630940010701190000100000000000000000000000000000000000000000000000000000000000000000000000000003740000000000000000000000000000000000000000000000000000010000000000000          0000945536569300000000000000000000000000000000000000000032
1022542123500018830940000316741000000                         00000002820901000000DM 00000000000000000000 01090701190003300718                    100718000000000324075630940010701190000100000000000000000000000000000000000000000000000000000000000000000000000000003240000000000000000000000000000000000000000000000000000010000000000000          0000916024261200000000000000000000000000000000000000000033
1022542123500018830940000316741000000                         00000003627501000000DM 00000000000000000000 01090701190027570718                    100718000000000374075630940010701190000100000000000000000000000000000000000000000000000000000000000000000000000000003740000000000000000000000000000000000000000000000000000010000000000000          0000699499364700000000000000000000000000000000000000000034
1022542123500018830940000316741000000                         00000002772001000000DM 00000000000000000000 01090701190001140718                    100718000000000324075630940010701190000100000000000000000000000000000000000000000000000000000000000000000000000000003240000000000000000000000000000000000000000000000000000010000000000000          0004897155363400000000000000000000000000000000000000000035
1022542123500018830940000316741000000                         00000002868101000000DM 00000000000000000000 01090701190004220718                    100718000000000324075630940010701190000100000000000000000000000000000000000000000000000000000000000000000000000000003240000000000000000000000000000000000000000000000000000010000000000000          0007415855469100000000000000000000000000000000000000000036
1022542123500018830940000316741000000                         00000002880001000000DM 00000000000000000000 01090701190004230718                    100718000000000324075630940010701190000100000000000000000000000000000000000000000000000000000000000000000000000000003240000000000000000000000000000000000000000000000000000010000000000000          0005724833867200000000000000000000000000000000000000000037
1022542123500018830940000316741000000                         00000004196301000000DM 00000000000000000000 01090701190030420718                    100718000000000374075630940010701190000100000000000000000000000000000000000000000000000000000000000000000000000000003740000000000000000000000000000000000000000000000000000010000000000000          0001076302165200000000000000000000000000000000000000000038
1022542123500018830940000316741000000                         00000002944701000000DM 00000000000000000000 01090701190004600718                    100718000000000324075630940010701190000100000000000000000000000000000000000000000000000000000000000000000000000000003240000000000000000000000000000000000000000000000000000010000000000000          0004085395076800000000000000000000000000000000000000000039
1022542123500018830940000316741000000                         00000004280801000000DM 00000000000000000000 01090701190030620718                    100718000000000374075630940010701190000100000000000000000000000000000000000000000000000000000000000000000000000000003740000000000000000000000000000000000000000000000000000010000000000000          0001347627260500000000000000000000000000000000000000000040
1022542123500018830940000316741000000                         00000003016301000000DM 00000000000000000000 01090701190007430718                    100718000000000324075630940010701190000100000000000000000000000000000000000000000000000000000000000000000000000000003240000000000000000000000000000000000000000000000000000010000000000000          0000653259166100000000000000000000000000000000000000000041
1022542123500018830940000316741000000                         00000003800001000000DM 00000000000000000000 01090701190030640718                    100718000000000374075630940010701190000100000000000000000000000000000000000000000000000000000000000000000000000000003740000000000000000000000000000000000000000000000000000010000000000000          0000507097947700000000000000000000000000000000000000000042
1022542123500018830940000316741000000                         00000003896701000000DM 00000000000000000000 01090701190025420718                    100718000000000374075630940010701190000100000000000000000000000000000000000000000000000000000000000000000000000000003740000000000000000000000000000000000000000000000000000010000000000000          0002891803760000000000000000000000000000000000000000000043
1022542123500018830940000316741000000                         00000003908001000000DM 00000000000000000000 01090701190025530718                    100718000000000374075630940010701190000100000000000000000000000000000000000000000000000000000000000000000000000000003740000000000000000000000000000000000000000000000000000010000000000000          0000588234869200000000000000000000000000000000000000000044
1022542123500018830940000316741000000                         00000003944601000000DM 00000000000000000000 01090701190026060718                    100718000000000374075630940010701190000100000000000000000000000000000000000000000000000000000000000000000000000000003740000000000000000000000000000000000000000000000000000010000000000000          0004341197568700000000000000000000000000000000000000000045
1022542123500018830940000316741000000                         00000002784801000000DM 00000000000000000000 01090701190001520718                    100718000000000324075630940010701190000100000000000000000000000000000000000000000000000000000000000000000000000000003240000000000000000000000000000000000000000000000000000010000000000000          0000719132169500000000000000000000000000000000000000000046
1022542123500018830940000316741000000                         00000002932901000000DM 00000000000000000000 01090701190001270718                    100718000000000324075630940010701190000100000000000000000000000000000000000000000000000000000000000000000000000000003240000000000000000000000000000000000000000000000000000010000000000000          0000557190363500000000000000000000000000000000000000000047
1022542123500018830940000316741000000                         00000002980201000000DM 00000000000000000000 01090701190004730718                    100718000000000324075630940010701190000100000000000000000000000000000000000000000000000000000000000000000000000000003240000000000000000000000000000000000000000000000000000010000000000000          0004063987868700000000000000000000000000000000000000000048
1022542123500018830940000316741000000                         00000002992001000000DM 00000000000000000000 01090701190006790718                    100718000000000374075630940010701190000100000000000000000000000000000000000000000000000000000000000000000000000000003740000000000000000000000000000000000000000000000000000010000000000000          0003619380163400000000000000000000000000000000000000000049
1022542123500018830940000316741000000                         00000003004501000000DM 00000000000000000000 01090701190007200718                    100718000000000324075630940010701190000100000000000000000000000000000000000000000000000000000000000000000000000000003240000000000000000000000000000000000000000000000000000010000000000000          0003609756063000000000000000000000000000000000000000000050
1022542123500018830940000316741000000                         00000003268001000000DM 00000000000000000000 01090701190011390718                    100718000000000324075630940010701190000100000000000000000000000000000000000000000000000000000000000000000000000000003240000000000000000000000000000000000000000000000000000010000000000000          0009651106069100000000000000000000000000000000000000000051
1022542123500018830940000316741000000                         00000003412101000000DM 00000000000000000000 01090701190025830718                    100718000000000374075630940010701190000100000000000000000000000000000000000000000000000000000000000000000000000000003740000000000000000000000000000000000000000000000000000010000000000000          0000512870969800000000000000000000000000000000000000000052
1022542123500018830940000316741000000                         00000003484101000000DM 00000000000000000000 01090701190017120718                    100718000000000324075630940010701190000100000000000000000000000000000000000000000000000000000000000000000000000000003240000000000000000000000000000000000000000000000000000010000000000000          0006761282268700000000000000000000000000000000000000000053
1022542123500018830940000316741000000                         00000003824701000000DM 00000000000000000000 01090701190030110718                    100718000000000374075630940010701190000100000000000000000000000000000000000000000000000000000000000000000000000000003740000000000000000000000000000000000000000000000000000010000000000000          0001104048469700000000000000000000000000000000000000000054
1022542123500018830940000316741000000                         00000004232401000000DM 00000000000000000000 01090701190030460718                    100718000000000374075630940010701190000100000000000000000000000000000000000000000000000000000000000000000000000000003740000000000000000000000000000000000000000000000000000010000000000000          0000149822561600000000000000000000000000000000000000000055
1022542123500018830940000316741000000                         00000004478601000000DM 00000000000000000000 01090701190030660718                    100718000000000324075630940010701190000100000000000000000000000000000000000000000000000000000000000000000000000000003240000000000000000000000000000000000000000000000000000010000000000000          0000927428865400000000000000000000000000000000000000000056
1022542123500018830940000316741000000                         00000004453201000000DM 00000000000000000000 01090701190017950718                    100718000000000324075630940010701190000100000000000000000000000000000000000000000000000000000000000000000000000000003240000000000000000000000000000000000000000000000000000010000000000000          0000027258068600000000000000000000000000000000000000000057
1022542123500018830940000316741000000                         00000004467501000000DM 00000000000000000000 01090701190030670718                    100718000000000374075630940010701190000100000000000000000000000000000000000000000000000000000000000000000000000000003740000000000000000000000000000000000000000000000000000010000000000000          0004937862766800000000000000000000000000000000000000000058
1022542123500018830940000316741000000                         00000004376001000000DM 00000000000000000000 01090701190030410718                    100718000000000374075630940010701190000100000000000000000000000000000000000000000000000000000000000000000000000000003740000000000000000000000000000000000000000000000000000010000000000000          0006919796260000000000000000000000000000000000000000000059
1022542123500018830940000316741000000                         00000004388801000000DM 00000000000000000000 01090701190030440718                    100718000000000374075630940010701190000100000000000000000000000000000000000000000000000000000000000000000000000000003740000000000000000000000000000000000000000000000000000010000000000000          0000119164868000000000000000000000000000000000000000000060
1022542123500018830940000316741000000                         00000004571701000000DM 00000000000000000000 01090701190026040718                    100718000000000374075630940010701190000100000000000000000000000000000000000000000000000000000000000000000000000000003740000000000000000000000000000000000000000000000000000010000000000000          0007148771960400000000000000000000000000000000000000000061
1022542123500018830940000316741000000                         00000004559801000000DM 00000000000000000000 01090701190016380718                    100718000000000324075630940010701190000100000000000000000000000000000000000000000000000000000000000000000000000000003240000000000000000000000000000000000000000000000000000010000000000000          0004897108160000000000000000000000000000000000000000000062
1022542123500018830940000316741000000                         00000004616301000000DM 00000000000000000000 01090701191000180618                    100718000000006800275630940010701190000100000000000000000000000000000000000000000000000000000000000000000000000000068002000000000000000000000000000000000000000000000000000010000000000000          1823706600016500000000000000000000000000000000000000000063
1022542123500018830940000316741000000                         00000004728301000000DM 00000000000000000000 01061001190004140119                    100119000000000374003334670011001190000250000000000000000000000000000000000000000000000000000000000000000000000000003740000000000000000000000000000000000000000000000000000010000000000000          0000303613564200000000000000000000000000000000000000000064
1022542123500018830940000316741000000                         00000004656801000000DM 00000000000000000000 01060801190000410119                    100119000000000324010400970010801190000250000000000000000000000000000000000000000000000000000000000000000000000000003240000000000000000000000000000000000000000000000000000010000000000000          0000565324365500000000000000000000000000000000000000000065
1022542123500018830940000316741000000                         00000004704701000000DM 00000000000000000000 01061001190002560119                    100119000000000324010400970011001190000250000000000000000000000000000000000000000000000000000000000000000000000000003240000000000000000000000000000000000000000000000000000010000000000000          0000474784860600000000000000000000000000000000000000000066
1022542123500018830940000316741000000                         00000004741001000000DM 00000000000000000000 01061101190004160219                    100219000000000324034109440011101190000250000000000000000000000000000000000000000000000000000000000000000000000000003240000000000000000000000000000000000000000000000000000010000000000000          0009147587261500000000000000000000000000000000000000000067
1022542123500018830940000316741000000                         00000004764901000000DM 00000000000000000000 01060801190004270119                    100119000000000324010400970010801190000250000000000000000000000000000000000000000000000000000000000000000000000000003240000000000000000000000000000000000000000000000000000010000000000000          0000329979965700000000000000000000000000000000000000000068
1022542123500018830940000316741000000                         00000005721101000000DM 00000000000000000000 01060901190030690119                    100119000000000374075630940010901190000250000000000000000000000000000000000000000000000000000000000000000000000000003740000000000000000000000000000000000000000000000000000010000000000000          0006037461660400000000000000000000000000000000000000000069
1022542123500018830940000316741000000                         00000005733001000000DM 00000000000000000000 01061001190029220119                    100119000000000374000102100011001190000250000000000000000000000000000000000000000000000000000000000000000000000000003740000000000000000000000000000000000000000000000000000010000000000000          0005554795862000000000000000000000000000000000000000000070
1022542123500018830940000316741000000                         00000005016101000000DM 00000000000000000000 01060701190010460119                    100119000000000324010400970010701190000250000000000000000000000000000000000000000000000000000000000000000000000000003240000000000000000000000000000000000000000000000000000010000000000000          0000013014064300000000000000000000000000000000000000000071
1022542123500018830940000316741000000                         00000005088101000000DM 00000000000000000000 01061001190012340119                    100119000000000324010400970011001190000250000000000000000000000000000000000000000000000000000000000000000000000000003240000000000000000000000000000000000000000000000000000010000000000000          0008461066260400000000000000000000000000000000000000000072
1022542123500018830940000316741000000                         00000005100601000000DM 00000000000000000000 01060701190013270119                    100119000000000324010400970010701190000250000000000000000000000000000000000000000000000000000000000000000000000000003240000000000000000000000000000000000000000000000000000010000000000000          0005974586069700000000000000000000000000000000000000000073
1022542123500018830940000316741000000                         00000005185101000000DM 00000000000000000000 01060701190014950119                    100119000000000324010400970010701190000250000000000000000000000000000000000000000000000000000000000000000000000000003240000000000000000000000000000000000000000000000000000010000000000000          0000136752462800000000000000000000000000000000000000000074
1022542123500018830940000316741000000                         00000005221201000000DM 00000000000000000000 01060801190015980119                    100119000000000324010400970010801190000250000000000000000000000000000000000000000000000000000000000000000000000000003240000000000000000000000000000000000000000000000000000010000000000000          0007886934067800000000000000000000000000000000000000000075
1022542123500018830940000316741000000                         00000005245901000000DM 00000000000000000000 01060801190017220119                    100119000000000324010400970010801190000250000000000000000000000000000000000000000000000000000000000000000000000000003240000000000000000000000000000000000000000000000000000010000000000000          0000326379860000000000000000000000000000000000000000000076
1022542123500018830940000316741000000                         00000005365801000000DM 00000000000000000000 01061001190023970119                    100119000000000374010400970011001190000250000000000000000000000000000000000000000000000000000000000000000000000000003740000000000000000000000000000000000000000000000000000010000000000000          0007188737762000000000000000000000000000000000000000000077
1022542123500018830940000316741000000                         00000004836401000000DM 00000000000000000000 01060901190005350119                    100119000000000324034109440010901190000250000000000000000000000000000000000000000000000000000000000000000000000000003240000000000000000000000000000000000000000000000000000010000000000000          0000659773163800000000000000000000000000000000000000000078
1022542123500018830940000316741000000                         00000004920901000000DM 00000000000000000000 01060701190008410119                    100119000000000324010400970010701190000250000000000000000000000000000000000000000000000000000000000000000000000000003240000000000000000000000000000000000000000000000000000010000000000000          0004459589168700000000000000000000000000000000000000000079
1022542123500018830940000316741000000                         00000004956301000000DM 00000000000000000000 01061001190009010119                    100119000000000324010400970011001190000250000000000000000000000000000000000000000000000000000000000000000000000000003240000000000000000000000000000000000000000000000000000010000000000000          0009470166060400000000000000000000000000000000000000000080
1022542123500018830940000316741000000                         00000005052701000000DM 00000000000000000000 01061001190011030119                    100119000000000324010400970011001190000250000000000000000000000000000000000000000000000000000000000000000000000000003240000000000000000000000000000000000000000000000000000010000000000000          0008715135969100000000000000000000000000000000000000000081
1022542123500018830940000316741000000                         00000005521801000000DM 00000000000000000000 01060701190027130119                    100119000000000374010400970010701190000250000000000000000000000000000000000000000000000000000000000000000000000000003740000000000000000000000000000000000000000000000000000010000000000000          0009652261564900000000000000000000000000000000000000000082
1022542123500018830940000316741000000                         00000004800001000000DM 00000000000000000000 01060801190004530119                    100119000000000374010400970010801190000250000000000000000000000000000000000000000000000000000000000000000000000000003740000000000000000000000000000000000000000000000000000010000000000000          0000786278560600000000000000000000000000000000000000000083
1022542123500018830940000316741000000                         00000004860101000000DM 00000000000000000000 01060901190005930119                    100119000000000324010400970010901190000250000000000000000000000000000000000000000000000000000000000000000000000000003240000000000000000000000000000000000000000000000000000010000000000000          0003023575860400000000000000000000000000000000000000000084
1022542123500018830940000316741000000                         00000004872001000000DM 00000000000000000000 01060801190006480119                    100119000000000374010400970010801190000250000000000000000000000000000000000000000000000000000000000000000000000000003740000000000000000000000000000000000000000000000000000010000000000000          0001612677762000000000000000000000000000000000000000000085
1022542123500018830940000316741000000                         00000004908001000000DM 00000000000000000000 01061001190008390119                    100119000000000324010400970011001190000250000000000000000000000000000000000000000000000000000000000000000000000000003240000000000000000000000000000000000000000000000000000010000000000000          0004904386264900000000000000000000000000000000000000000086
1022542123500018830940000316741000000                         00000004932701000000DM 00000000000000000000 01060801190008470119                    100119000000000374010400970010801190000250000000000000000000000000000000000000000000000000000000000000000000000000003740000000000000000000000000000000000000000000000000000010000000000000          0000150671660100000000000000000000000000000000000000000087
1022542123500018830940000316741000000                         00000004968101000000DM 00000000000000000000 01060701190009530119                    100119000000000324010400970010701190000250000000000000000000000000000000000000000000000000000000000000000000000000003240000000000000000000000000000000000000000000000000000010000000000000          0004361846464900000000000000000000000000000000000000000088
1022542123500018830940000316741000000                         00000005161501000000DM 00000000000000000000 01060701190014580119                    100119000000000324010400970010701190000250000000000000000000000000000000000000000000000000000000000000000000000000003240000000000000000000000000000000000000000000000000000010000000000000          0002361630010000000000000000000000000000000000000000000089
1022542123500018830940000316741000000                         00000005641701000000DM 00000000000000000000 01060801190029700119                    100119000000000374010400970010801190000250000000000000000000000000000000000000000000000000000000000000000000000000003740000000000000000000000000000000000000000000000000000010000000000000          0000214486281800000000000000000000000000000000000000000090
1022542123500018830940000316741000000                         00000005677101000000DM 00000000000000000000 01060801190030330119                    100119000000000374010400970010801190000250000000000000000000000000000000000000000000000000000000000000000000000000003740000000000000000000000000000000000000000000000000000010000000000000          0008285259668700000000000000000000000000000000000000000091
1022542123500018830940000316741000000                         00000005557201000000DM 00000000000000000000 01060801190028160119                    100119000000000374010400970010801190000250000000000000000000000000000000000000000000000000000000000000000000000000003740000000000000000000000000000000000000000000000000000010000000000000          0008257197068200000000000000000000000000000000000000000092
1022542123500018830940000316741000000                         00000005581001000000DM 00000000000000000000 01060901190028820119                    100119000000000374010400970010901190000250000000000000000000000000000000000000000000000000000000000000000000000000003740000000000000000000000000000000000000000000000000000010000000000000          0002486093060600000000000000000000000000000000000000000093
1022542123500018830940000316741000000                         00000005605101000000DM 00000000000000000000 01060801190029010119                    100119000000000374010400970010801190000250000000000000000000000000000000000000000000000000000000000000000000000000003740000000000000000000000000000000000000000000000000000010000000000000          0002483652468700000000000000000000000000000000000000000094
1022542123500018830940000316741000000                         00000004752001000000DM 00000000000000000000 01060701190004220119                    100119000000000324010400970010701190000250000000000000000000000000000000000000000000000000000000000000000000000000003240000000000000000000000000000000000000000000000000000010000000000000          0007415855469100000000000000000000000000000000000000000095
1022542123500018830940000316741000000                         00000004776701000000DM 00000000000000000000 01060801190004350119                    100119000000000324010401420010801190000250000000000000000000000000000000000000000000000000000000000000000000000000003240000000000000000000000000000000000000000000000000000010000000000000          0001514063611500000000000000000000000000000000000000000096
1022542123500018830940000316741000000                         00000004824601000000DM 00000000000000000000 01061001190005190119                    100119000000000324010400970011001190000250000000000000000000000000000000000000000000000000000000000000000000000000003240000000000000000000000000000000000000000000000000000010000000000000          0007188477760000000000000000000000000000000000000000000097
1022542123500018830940000316741000000                         00000005545401000000DM 00000000000000000000 01060701190028150119                    100119000000000374010400970010701190000250000000000000000000000000000000000000000000000000000000000000000000000000003740000000000000000000000000000000000000000000000000000010000000000000          0001026372666500000000000000000000000000000000000000000098
1022542123500018830940000316741000000                         00000005233001000000DM 00000000000000000000 01060901190016360119                    100119000000000374010400970010901190000250000000000000000000000000000000000000000000000000000000000000000000000000003740000000000000000000000000000000000000000000000000000010000000000000          0004340692069100000000000000000000000000000000000000000099
1022542123500018830940000316741000000                         00000005425501000000DM 00000000000000000000 01060801190025270119                    100119000000000374010400970010801190000250000000000000000000000000000000000000000000000000000000000000000000000000003740000000000000000000000000000000000000000000000000000010000000000000          0000677178867900000000000000000000000000000000000000000100
1022542123500018830940000316741000000                         00000005040901000000DM 00000000000000000000 01061001190010920119                    100119000000000324010400970011001190000250000000000000000000000000000000000000000000000000000000000000000000000000003240000000000000000000000000000000000000000000000000000010000000000000          0007570230469100000000000000000000000000000000000000000101
1022542123500018830940000316741000000                         00000005173301000000DM 00000000000000000000 01060901190014700119                    100119000000000324010400970010901190000250000000000000000000000000000000000000000000000000000000000000000000000000003240000000000000000000000000000000000000000000000000000010000000000000          0008318973461500000000000000000000000000000000000000000102
1022542123500018830940000316741000000                         00000005281401000000DM 00000000000000000000 01060701190017830119                    100119000000000324075630940010701190000250000000000000000000000000000000000000000000000000000000000000000000000000003240000000000000000000000000000000000000000000000000000010000000000000          0007674540669100000000000000000000000000000000000000000103
1022542123500018830940000316741000000                         00000005353001000000DM 00000000000000000000 01060701190023390119                    100119000000000374010400970010701190000250000000000000000000000000000000000000000000000000000000000000000000000000003740000000000000000000000000000000000000000000000000000010000000000000          0003615945069700000000000000000000000000000000000000000104
1022542123500018830940000316741000000                         00000005461001000000DM 00000000000000000000 01061001190026650119                    100119000000000374034109440011001190000250000000000000000000000000000000000000000000000000000000000000000000000000003740000000000000000000000000000000000000000000000000000010000000000000          0000694769266000000000000000000000000000000000000000000105
1022542123500018830940000316741000000                         00000004680501000000DM 00000000000000000000 01060701190002360119                    100119000000000374010400970010701190000250000000000000000000000000000000000000000000000000000000000000000000000000003740000000000000000000000000000000000000000000000000000010000000000000          0000569370264200000000000000000000000000000000000000000106
1022542123500018830940000316741000000                         00000004716501000000DM 00000000000000000000 01060901190004110119                    100119000000000374010400970010901190000250000000000000000000000000000000000000000000000000000000000000000000000000003740000000000000000000000000000000000000000000000000000010000000000000          0007246051260000000000000000000000000000000000000000000107
1022542123500018830940000316741000000                         00000005533601000000DM 00000000000000000000 01060901190027500119                    100119000000000374010400970010901190000250000000000000000000000000000000000000000000000000000000000000000000000000003740000000000000000000000000000000000000000000000000000010000000000000          0000282899960200000000000000000000000000000000000000000108
9027563094SICOOB CREDIARA          RUA MARIA RITA DE AGUIAR                          CENTRO                        38183236ARAXÁ                         MG120620190000010700000000113                                                                                                                                                                                                                    000109
