02RETORNO01COBRANÇA       30940000327964316741J REZENDE                     756 - BANCOOB S/A 0406190000312                                                                                                                                                                                                                                                                                               000001
1022542123500018830940000316741000000                         00000004781401000000DM 00000000000000000000 01060306190004350619                    100619000000000324034109440010306190000250000000000000000000000000000000000000000000000000000000000000000000000000003240000000000000000000000000000000000000000000000000000010000000000000          0001514063611500000000000000000000000000000000000000000002
1022542123500018830940000316741000000                         00000005166101000000DM 00000000000000000000 01060306190014580619                    100619000000000324010400970010306190000250000000000000000000000000000000000000000000000000000000000000000000000000003240000000000000000000000000000000000000000000000000000010000000000000          0002361630010000000000000000000000000000000000000000000003
1022542123500018830940000316741000000                         00000005358601000000DM 00000000000000000000 01060306190023390619                    100619000000000374010400970010306190000250000000000000000000000000000000000000000000000000000000000000000000000000003740000000000000000000000000000000000000000000000000000010000000000000          0003615945069700000000000000000000000000000000000000000004
1022542123500018830940000316741000000                         00000004842901000000DM 00000000000000000000 01060306190005350719                    100719000000000324010400970010306190000250000000000000000000000000000000000000000000000000000000000000000000000000003240000000000000000000000000000000000000000000000000000010000000000000          0000659773163800000000000000000000000000000000000000000005
1022542123500018830940000316741000000                         00000004841101000000DM 00000000000000000000 01060306190005350619                    100619000000000324010400970010306190000250000000000000000000000000000000000000000000000000000000000000000000000000003240000000000000000000000000000000000000000000000000000010000000000000          0000659773163800000000000000000000000000000000000000000006
1022542123500018830940000316741000000                         00000004913701000000DM 00000000000000000000 01060306190008390619                    100619000000000324010400970010306190000250000000000000000000000000000000000000000000000000000000000000000000000000003240000000000000000000000000000000000000000000000000000010000000000000          0004904386264900000000000000000000000000000000000000000007
1022542123500018830940000316741000000                         00000004843601000000DM 00000000000000000000 01060306190005350819                    100819000000000324010400970010306190000250000000000000000000000000000000000000000000000000000000000000000000000000003240000000000000000000000000000000000000000000000000000010000000000000          0000659773163800000000000000000000000000000000000000000008
1022542123500018830940000316741000000                         00000004757701000000DM 00000000000000000000 01060306190004220619                    100619000000000324023716910010306190000250000000000000000000000000000000000000000000000000000000000000000000000000003240000000000000000000000000000000000000000000000000000010000000000000          0007415855469100000000000000000000000000000000000000000009
9027563094SICOOB CREDIARA          RUA MARIA RITA DE AGUIAR                          CENTRO                        38183236ARAXÁ                         MG040620190000000800000000113                                                                                                                                                                                                                    000010
