02RETORNO01COBRANÇA       30940000327964316741J REZENDE                     756 - BANCOOB S/A 1006190000313                                                                                                                                                                                                                                                                                               000001
1022542123500018830940000316741000000                         00000005646301000000DM 00000000000000000000 01060706190029700619                    100619000000000374010400970010706190000250000000000000000000000000000000000000000000000000000000000000000000000000003740000000000000000000000000000000000000000000000000000010000000000000          0000214486281800000000000000000000000000000000000000000002
1022542123500018830940000316741000000                         00000004696201000000DM 00000000000000000000 01060506190002470519                    100519000000000324010400970010506190000250000000000000000000000000000000000000000000000000000000000000000000000000003271000000000003100000000000000000000000000000000000000010000000000000          0000356167569700000000000000000000000000000000000000000003
1022542123500018830940000316741000000                         00000005238701000000DM 00000000000000000000 01060706190016360619                    100619000000000374010400970010706190000250000000000000000000000000000000000000000000000000000000000000000000000000003740000000000000000000000000000000000000000000000000000010000000000000          0004340692069100000000000000000000000000000000000000000004
1022542123500018830940000316741000000                         00000005009001000000DM 00000000000000000000 01060606190010210619                    100619000000000324010400970010606190000250000000000000000000000000000000000000000000000000000000000000000000000000003240000000000000000000000000000000000000000000000000000010000000000000          0007187518269100000000000000000000000000000000000000000005
1022542123500018830940000316741000000                         00000005382301000000DM 00000000000000000000 01060706190024530619                    100619000000000374010400970010706190000250000000000000000000000000000000000000000000000000000000000000000000000000003740000000000000000000000000000000000000000000000000000010000000000000          0003607094764900000000000000000000000000000000000000000006
1022542123500018830940000316741000000                         00000005430201000000DM 00000000000000000000 01060706190025270619                    100619000000000374010400970010706190000250000000000000000000000000000000000000000000000000000000000000000000000000003740000000000000000000000000000000000000000000000000000010000000000000          0000677178867900000000000000000000000000000000000000000007
1022542123500018830940000316741000000                         00000005502801000000DM 00000000000000000000 01060606190026860619                    100619000000000374010400970010606190000250000000000000000000000000000000000000000000000000000000000000000000000000003740000000000000000000000000000000000000000000000000000010000000000000          0003407094060000000000000000000000000000000000000000000008
1022542123500018830940000316741000000                         00000004805601000000DM 00000000000000000000 01060706190004530619                    100619000000000374010400970010706190000250000000000000000000000000000000000000000000000000000000000000000000000000003740000000000000000000000000000000000000000000000000000010000000000000          0000786278560600000000000000000000000000000000000000000009
1022542123500018830940000316741000000                         00000005490401000000DM 00000000000000000000 01060506190026740619                    100619000000000374010400970010506190000250000000000000000000000000000000000000000000000000000000000000000000000000003740000000000000000000000000000000000000000000000000000010000000000000          0000954360460600000000000000000000000000000000000000000010
1022542123500018830940000316741000000                         00000005610901000000DM 00000000000000000000 01060706190029010619                    100619000000000374010400970010706190000250000000000000000000000000000000000000000000000000000000000000000000000000003740000000000000000000000000000000000000000000000000000010000000000000          0002483652468700000000000000000000000000000000000000000011
1022542123500018830940000316741000000                         00000005021901000000DM 00000000000000000000 01060606190010460619                    100619000000000324010400970010606190000250000000000000000000000000000000000000000000000000000000000000000000000000003240000000000000000000000000000000000000000000000000000010000000000000          0000013014064300000000000000000000000000000000000000000012
1022542123500018830940000316741000000                         00000005562001000000DM 00000000000000000000 01060706190028160619                    100619000000000374010400970010706190000250000000000000000000000000000000000000000000000000000000000000000000000000003740000000000000000000000000000000000000000000000000000010000000000000          0008257197068200000000000000000000000000000000000000000013
1022542123500018830940000316741000000                         00000005154301000000DM 00000000000000000000 01060706190030710619                    100619000000000374010400970010706190000250000000000000000000000000000000000000000000000000000000000000000000000000003740000000000000000000000000000000000000000000000000000010000000000000          0000953633063600000000000000000000000000000000000000000014
1022542123500018830940000316741000000                         00000005105201000000DM 00000000000000000000 01060606190013270619                    100619000000000324010400970010606190000250000000000000000000000000000000000000000000000000000000000000000000000000003240000000000000000000000000000000000000000000000000000010000000000000          0005974586069700000000000000000000000000000000000000000015
1022542123500018830940000316741000000                         00000005202201000000DM 00000000000000000000 01060706190015230619                    100619000000000324010400970010706190000250000000000000000000000000000000000000000000000000000000000000000000000000003240000000000000000000000000000000000000000000000000000010000000000000          0003225778362000000000000000000000000000000000000000000016
1022542123500018830940000316741000000                         00000005057301000000DM 00000000000000000000 01060706190011030619                    100619000000000324010400970010706190000250000000000000000000000000000000000000000000000000000000000000000000000000003240000000000000000000000000000000000000000000000000000010000000000000          0008715135969100000000000000000000000000000000000000000017
1022542123500018830940000316741000000                         00000005586601000000DM 00000000000000000000 01060606190028820619                    100619000000000374010400970010606190000250000000000000000000000000000000000000000000000000000000000000000000000000003740000000000000000000000000000000000000000000000000000010000000000000          0002486093060600000000000000000000000000000000000000000018
1022542123500018830940000316741000000                         00000004661501000000DM 00000000000000000000 01060706190000410619                    100619000000000324010400970010706190000250000000000000000000000000000000000000000000000000000000000000000000000000003240000000000000000000000000000000000000000000000000000010000000000000          0000565324365500000000000000000000000000000000000000000019
1022542123500018830940000316741000000                         00000004973901000000DM 00000000000000000000 01060606190009530619                    100619000000000324010400970010606190000250000000000000000000000000000000000000000000000000000000000000000000000000003240000000000000000000000000000000000000000000000000000010000000000000          0004361846464900000000000000000000000000000000000000000020
9027563094SICOOB CREDIARA          RUA MARIA RITA DE AGUIAR                          CENTRO                        38183236ARAXÁ                         MG100620190000001900000000113                                                                                                                                                                                                                    000021
