02RETORNO01COBRANÇA       30940000327964316741J REZENDE                     756 - BANCOOB S/A 0406190000309                                                                                                                                                                                                                                                                                               000001
1022542123500018830940000316741000000                         00000003751401000000DM 00000000000000000000 01091505190029681118                    151118000000000374075630940011505190000100000000000000000000000000000000000000000000000000000000000000000000000000003740000000000000000000000000000000000000000000000000000010000000000000          0000270724966100000000000000000000000000000000000000000002
1022542123500018830940000316741000000                         00000003176701000000DM 00000000000000000000 01092005190025801118                    201118000000000374075630940012005190000100000000000000000000000000000000000000000000000000000000000000000000000000003740000000000000000000000000000000000000000000000000000010000000000000          0007188615063000000000000000000000000000000000000000000003
1022542123500018830940000316741000000                         00000003380001000000DM 00000000000000000000 01092005190024541118                    201118000000000374075630940012005190000100000000000000000000000000000000000000000000000000000000000000000000000000003740000000000000000000000000000000000000000000000000000010000000000000          0000847276465600000000000000000000000000000000000000000004
1022542123500018830940000316741000000                         00000004985701000000DM 00000000000000000000 01061505190010140619                    100619000000000374010400970011505190000250000000000000000000000000000000000000000000000000000000000000000000000000003740000000000000000000000000000000000000000000000000000010000000000000          0005764752663400000000000000000000000000000000000000000005
9027563094SICOOB CREDIARA          RUA MARIA RITA DE AGUIAR                          CENTRO                        38183236ARAXÁ                         MG040620190000000400000000113                                                                                                                                                                                                                    000006
