02RETORNO01COBRANÇA       30940000327964316741INOVA TECNOLOGIA DE INFORMACAO756 - BANCOOB S/A 2911220000563                                                                                                                                                                                                                                                                                               000001
1022542123500018830940000316741000000                         00000007729801000000DM 00000000000000000000 01062907220028820822                    100822000000000420010400970012907220000250000000000000000000000000000000000000000000000000000000000000000000000000004200000000000000000000000000000000000000000000000000000010000000000000          0008182941865300000000000000000000000000000000000000000002
9027563094SICOOB CREDIARA          R D BOSCO                                         Centro                        38183228Araxá                         MG291120220000000100000000113                                                                                                                                                                                                                    000003
