02RETORNO01COBRANÇA       30940000327964316741INOVA TECNOLOGIA DE INFORMACAO756 - BANCOOB S/A 2911220000571                                                                                                                                                                                                                                                                                               000001
1022542123500018830940000316741000000                         00000007721001000000DM 00000000000000000000 01060509220028151222                    101222000000000420010400970010509220000250000000000000000000000000000000000000000000000000000000000000000000000000004200000000000000000000000000000000000000000000000000000010000000000000          0001026372666500000000000000000000000000000000000000000002
1022542123500018830940000316741000000                         00000007884501000000DM 00000000000000000000 01060209220014580922                    100922000000000400010400970010209220000250000000000000000000000000000000000000000000000000000000000000000000000000004000000000000000000000000000000000000000000000000000000010000000000000          0002361630010000000000000000000000000000000000000000000003
9027563094SICOOB CREDIARA          R D BOSCO                                         Centro                        38183228Araxá                         MG291120220000000200000000113                                                                                                                                                                                                                    000004
