02RETORNO01COBRANÇA       30940000327964316741INOVA TECNOLOGIA DE INFORMACAO756 - BANCOOB S/A 2911220000566                                                                                                                                                                                                                                                                                               000001
1022542123500018830940000316741000000                         00000007753501000000DM 00000000000000000000 01060908220030690822                    100822000000000420075630940010908220000250000000000000000000000000000000000000000000000000000000000000000000000000004200000000000000000000000000000000000000000000000000000010000000000000          0006037461660400000000000000000000000000000000000000000002
1022542123500018830940000316741000000                         00000007991901000000DM 00000000000000000000 01060908220005350822                    100822000000000400010400970010908220000250000000000000000000000000000000000000000000000000000000000000000000000000004000000000000000000000000000000000000000000000000000000010000000000000          0000659773163800000000000000000000000000000000000000000003
1022542123500018830940000316741000000                         00000007967101000000DM 00000000000000000000 01060908220000410822                    100822000000000400010400970010908220000250000000000000000000000000000000000000000000000000000000000000000000000000004000000000000000000000000000000000000000000000000000000010000000000000          0000565324365500000000000000000000000000000000000000000004
1022542123500018830940000316741000000                         00000007883801000000DM 00000000000000000000 01060908220014580822                    100822000000000400010400970010908220000250000000000000000000000000000000000000000000000000000000000000000000000000004000000000000000000000000000000000000000000000000000000010000000000000          0002361630010000000000000000000000000000000000000000000005
1022542123500018830940000316741000000                         00000007693801000000DM 00000000000000000000 01060808220025270822                    100822000000000420010447510010808220000250000000000000000000000000000000000000000000000000000000000000000000000000004200000000000000000000000000000000000000000000000000000010000000000000          0000677178867900000000000000000000000000000000000000000006
1022542123500018830940000316741000000                         00000007609901000000DM 00000000000000000000 01060808220006480822                    100822000000000420010400970010808220000250000000000000000000000000000000000000000000000000000000000000000000000000004200000000000000000000000000000000000000000000000000000010000000000000          0001612677762000000000000000000000000000000000000000000007
1022542123500018830940000316741000000                         00000007858301000000DM 00000000000000000000 01060508220013890722                    100722000000000420010400970010508220000250000000000000000000000000000000000000000000000000000000000000000000000000004204000000000000400000000000000000000000000000000000000010000000000000          0000690262868800000000000000000000000000000000000000000008
9027563094SICOOB CREDIARA          R D BOSCO                                         Centro                        38183228Araxá                         MG291120220000000700000000113                                                                                                                                                                                                                    000009
