02RETORNO01COBRANÇA       30940000327964316741INOVA TECNOLOGIA DE INFORMACAO756 - BANCOOB S/A 3011220000575                                                                                                                                                                                                                                                                                               000001
1022542123500018830940000316741000000                         00000007968901000000DM 00000000000000000000 01061309220000410922                    100922000000000400010400970011309220000250000000000000000000000000000000000000000000000000000000000000000000000000004004000000000000400000000000000000000000000000000000000010000000000000          0000565324365500000000000000000000000000000000000000000002
1022542123500018830940000316741000000                         00000007742401000000DM 00000000000000000000 01061209220029010922                    100922000000000420010400970011209220000250000000000000000000000000000000000000000000000000000000000000000000000000004200000000000000000000000000000000000000000000000000000010000000000000          0002483652468700000000000000000000000000000000000000000003
1022542123500018830940000316741000000                         00000007730601000000DM 00000000000000000000 01061209220028820922                    100922000000000420000102100011209220000250000000000000000000000000000000000000000000000000000000000000000000000000004200000000000000000000000000000000000000000000000000000010000000000000          0008182941865300000000000000000000000000000000000000000004
1022542123500018830940000316741000000                         00000007754201000000DM 00000000000000000000 01061209220030690922                    100922000000000420075630940011209220000250000000000000000000000000000000000000000000000000000000000000000000000000004200000000000000000000000000000000000000000000000000000010000000000000          0006037461660400000000000000000000000000000000000000000005
1022542123500018830940000316741000000                         00000007980801000000DM 00000000000000000000 01061209220004160922                    100922000000000400008100010011209220000250000000000000000000000000000000000000000000000000000000000000000000000000004000000000000000000000000000000000000000000000000000000010000000000000          0009147587261500000000000000000000000000000000000000000006
1022542123500018830940000316741000000                         00000007920601000000DM 00000000000000000000 01061209220009010922                    100922000000000400010400970011209220000250000000000000000000000000000000000000000000000000000000000000000000000000004000000000000000000000000000000000000000000000000000000010000000000000          0009470166060400000000000000000000000000000000000000000007
9027563094SICOOB CREDIARA          R D BOSCO                                         Centro                        38183228Araxá                         MG301120220000000600000000113                                                                                                                                                                                                                    000008
