02RETORNO01COBRANÇA       30940000327964316741INOVA TECNOLOGIA DE INFORMACAO756 - BANCOOB S/A 3011220000579                                                                                                                                                                                                                                                                                               000001
1022542123500018830940000316741000000                         00000007874101000000DM 00000000000000000000 01063009220011611122                    101122000000000400010400970013009220000250000000000000000000000000000000000000000000000000000000000000000000000000004000000000000000000000000000000000000000000000000000000010000000000000          0004342743060000000000000000000000000000000000000000000002
9027563094SICOOB CREDIARA          R D BOSCO                                         Centro                        38183228Araxá                         MG301120220000000100000000113                                                                                                                                                                                                                    000003
