02RETORNO01COBRANÇA       30940000327964316741INOVA TECNOLOGIA DE INFORMACAO756 - BANCOOB S/A 2911220000570                                                                                                                                                                                                                                                                                               000001
1022542123500018830940000316741000000                         00000007872701000000DM 00000000000000000000 01063108220011610922                    100922000000000400010400970013108220000250000000000000000000000000000000000000000000000000000000000000000000000000004000000000000000000000000000000000000000000000000000000010000000000000          0004342743060000000000000000000000000000000000000000000002
1022542123500018830940000316741000000                         00000007632901000000DM 00000000000000000000 01063008220010140922                    100922000000000420010400970013008220000250000000000000000000000000000000000000000000000000000000000000000000000000004200000000000000000000000000000000000000000000000000000010000000000000          0005764752663400000000000000000000000000000000000000000003
9027563094SICOOB CREDIARA          R D BOSCO                                         Centro                        38183228Araxá                         MG291120220000000200000000113                                                                                                                                                                                                                    000004
