02RETORNO01COBRANÇA       30940000327964316741INOVA TECNOLOGIA DE INFORMACAO756 - BANCOOB S/A 2911220000569                                                                                                                                                                                                                                                                                               000001
1022542123500018830940000316741000000                         00000007789001000000DM 00000000000000000000 01062508220022690822                    100822000000000420010447510012508220000250000000000000000000000000000000000000000000000000000000000000000000000000004204000000000000400000000000000000000000000000000000000010000000000000          0006307307269100000000000000000000000000000000000000000002
9027563094SICOOB CREDIARA          R D BOSCO                                         Centro                        38183228Araxá                         MG291120220000000100000000113                                                                                                                                                                                                                    000003
