02RETORNO01COBRANÇA       30940000327964316741INOVA TECNOLOGIA DE INFORMACAO756 - BANCOOB S/A 2911220000564                                                                                                                                                                                                                                                                                               000001
1022542123500018830940000316741000000                         00000007669001000000DM 00000000000000000000 01060308220023040822                    100822000000000420010400970010308220000250000000000000000000000000000000000000000000000000000000000000000000000000004200000000000000000000000000000000000000000000000000000010000000000000          0004225353567200000000000000000000000000000000000000000002
1022542123500018830940000316741000000                         00000007788201000000DM 00000000000000000000 01060108220022690722                    100722000000000420010400970010108220000250000000000000000000000000000000000000000000000000000000000000000000000000004204000000000000400000000000000000000000000000000000000010000000000000          0006307307269100000000000000000000000000000000000000000003
9027563094SICOOB CREDIARA          R D BOSCO                                         Centro                        38183228Araxá                         MG291120220000000200000000113                                                                                                                                                                                                                    000004
