02RETORNO01COBRANÇA       30940000327964316741INOVA TECNOLOGIA DE INFORMACAO756 - BANCOOB S/A 3011220000577                                                                                                                                                                                                                                                                                               000001
1022542123500018830940000316741000000                         00000007621801000000DM 00000000000000000000 01062209220008470822                    100822000000000420010400970012209220000250000000000000000000000000000000000000000000000000000000000000000000000000004204000000000000400000000000000000000000000000000000000010000000000000          0000150671660100000000000000000000000000000000000000000002
1022542123500018830940000316741000000                         00000008089601000000DM 00000000000000000000 01062009220035830822                    170822000000000420075630940012009220000250000000000000000000000000000000000000000000000000000000000000000000000000004204000000000000400000000000000000000000000000000000000010000000000000          0001164956566600000000000000000000000000000000000000000003
1022542123500018830940000316741000000                         00000008090401000000DM 00000000000000000000 01062009220035830922                    170922000000000420075630940012009220000250000000000000000000000000000000000000000000000000000000000000000000000000004204000000000000400000000000000000000000000000000000000010000000000000          0001164956566600000000000000000000000000000000000000000004
1022542123500018830940000316741000000                         00000007873401000000DM 00000000000000000000 01062009220011611022                    101022000000000400010400970012009220000250000000000000000000000000000000000000000000000000000000000000000000000000004000000000000000000000000000000000000000000000000000000010000000000000          0004342743060000000000000000000000000000000000000000000005
1022542123500018830940000316741000000                         00000007859001000000DM 00000000000000000000 01061909220013890822                    100822000000000420010400970011909220000250000000000000000000000000000000000000000000000000000000000000000000000000004204000000000000400000000000000000000000000000000000000010000000000000          0000690262868800000000000000000000000000000000000000000006
1022542123500018830940000316741000000                         00000007633601000000DM 00000000000000000000 01061909220010141022                    101022000000000420010400970011909220000250000000000000000000000000000000000000000000000000000000000000000000000000004200000000000000000000000000000000000000000000000000000010000000000000          0005764752663400000000000000000000000000000000000000000007
1022542123500018830940000316741000000                         00000007860901000000DM 00000000000000000000 01061909220013890922                    100922000000000420010400970011909220000250000000000000000000000000000000000000000000000000000000000000000000000000004204000000000000400000000000000000000000000000000000000010000000000000          0000690262868800000000000000000000000000000000000000000008
1022542123500018830940000316741000000                         00000007767801000000DM 00000000000000000000 01061909220027001022                    101022000000000420010400970011909220000250000000000000000000000000000000000000000000000000000000000000000000000000004200000000000000000000000000000000000000000000000000000010000000000000          0000487456467400000000000000000000000000000000000000000009
9027563094SICOOB CREDIARA          R D BOSCO                                         Centro                        38183228Araxá                         MG301120220000000800000000113                                                                                                                                                                                                                    000010
