02RETORNO01COBRANÇA       30940000327964316741INOVA TECNOLOGIA DE INFORMACAO756 - BANCOOB S/A 2911220000562                                                                                                                                                                                                                                                                                               000001
1022542123500018830940000316741000000                         00000008088901000000DM 00000000000000000000 01062207220035830722                    170722000000000420075630940012207220000250000000000000000000000000000000000000000000000000000000000000000000000000004204000000000000400000000000000000000000000000000000000010000000000000          0001164956566600000000000000000000000000000000000000000002
1022542123500018830940000316741000000                         00000007871001000000DM 00000000000000000000 01062007220011610822                    100822000000000400010400970012007220000250000000000000000000000000000000000000000000000000000000000000000000000000004000000000000000000000000000000000000000000000000000000010000000000000          0004342743060000000000000000000000000000000000000000000003
1022542123500018830940000316741000000                         00000007631101000000DM 00000000000000000000 01062007220010140822                    100822000000000420010400970012007220000250000000000000000000000000000000000000000000000000000000000000000000000000004200000000000000000000000000000000000000000000000000000010000000000000          0005764752663400000000000000000000000000000000000000000004
9027563094SICOOB CREDIARA          R D BOSCO                                         Centro                        38183228Araxá                         MG291120220000000300000000113                                                                                                                                                                                                                    000005
