02RETORNO01COBRANÇA       30940000327964316741INOVA TECNOLOGIA DE INFORMACAO756 - BANCOOB S/A 2911220000559                                                                                                                                                                                                                                                                                               000001
1022542123500018830940000316741000000                         00000008124001000000DM 00000000000000000000 01022007221000070722                    100822000000000400000000000010000000000000000000000000000000000000000000000000000000000000000000000000000000000000000000000000000000000000000000000000000000000000000000000010000000000000          7097303700069600000000000000000000000000000000000000000002
1022542123500018830940000316741000000                         00000008125701000000DM 00000000000000000000 01022007221000100722                    100822000000000400000000000010000000000000000000000000000000000000000000000000000000000000000000000000000000000000000000000000000000000000000000000000000000000000000000000010000000000000          7097303700034300000000000000000000000000000000000000000003
1022542123500018830940000316741000000                         00000008126401000000DM 00000000000000000000 01022007221000150722                    100822000000000400000000000010000000000000000000000000000000000000000000000000000000000000000000000000000000000000000000000000000000000000000000000000000000000000000000000010000000000000          7097303700093900000000000000000000000000000000000000000004
1022542123500018830940000316741000000                         00000008127101000000DM 00000000000000000000 01022007221000250722                    100822000000001045000000000010000000000000000000000000000000000000000000000000000000000000000000000000000000000000000000000000000000000000000000000000000000000000000000000010000000000000          2604146700017300000000000000000000000000000000000000000005
1022542123500018830940000316741000000                         00000008128901000000DM 00000000000000000000 01022007221000280822                    100822000000000558000000000010000000000000000000000000000000000000000000000000000000000000000000000000000000000000000000000000000000000000000000000000000000000000000000000010000000000000          0581273600018800000000000000000000000000000000000000000006
9027563094SICOOB CREDIARA          R D BOSCO                                         Centro                        38183228Araxá                         MG291120220000000500000000113                                                                                                                                                                                                                    000007
