02RETORNO01COBRANÇA       30940000327964316741INOVA TECNOLOGIA DE INFORMACAO756 - BANCOOB S/A 2911220000572                                                                                                                                                                                                                                                                                               000001
1022542123500018830940000316741000000                         00000007646101000000DM 00000000000000000000 01060909220010200922                    100922000000000420010400970010909220000250000000000000000000000000000000000000000000000000000000000000000000000000004200000000000000000000000000000000000000000000000000000010000000000000          0003616071763400000000000000000000000000000000000000000002
1022542123500018830940000316741000000                         00000007694501000000DM 00000000000000000000 01060909220025270922                    100922000000000420010447510010909220000250000000000000000000000000000000000000000000000000000000000000000000000000004200000000000000000000000000000000000000000000000000000010000000000000          0000677178867900000000000000000000000000000000000000000003
1022542123500018830940000316741000000                         00000007670901000000DM 00000000000000000000 01060909220023040922                    100922000000000420010400970010909220000250000000000000000000000000000000000000000000000000000000000000000000000000004200000000000000000000000000000000000000000000000000000010000000000000          0004225353567200000000000000000000000000000000000000000004
1022542123500018830940000316741000000                         00000007610701000000DM 00000000000000000000 01060909220006480922                    100922000000000420010400970010909220000250000000000000000000000000000000000000000000000000000000000000000000000000004200000000000000000000000000000000000000000000000000000010000000000000          0001612677762000000000000000000000000000000000000000000005
1022542123500018830940000316741000000                         00000007992601000000DM 00000000000000000000 01060809220005350922                    100922000000000400010400970010809220000250000000000000000000000000000000000000000000000000000000000000000000000000004000000000000000000000000000000000000000000000000000000010000000000000          0000659773163800000000000000000000000000000000000000000006
1022542123500018830940000316741000000                         00000007944201000000DM 00000000000000000000 01060809220011030922                    100922000000000400010400970010809220000250000000000000000000000000000000000000000000000000000000000000000000000000004000000000000000000000000000000000000000000000000000000010000000000000          0008715135969100000000000000000000000000000000000000000007
1022542123500018830940000316741000000                         00000007802101000000DM 00000000000000000000 01060809220004530922                    100922000000000420010400970010809220000250000000000000000000000000000000000000000000000000000000000000000000000000004200000000000000000000000000000000000000000000000000000010000000000000          0000786278560600000000000000000000000000000000000000000008
1022542123500018830940000316741000000                         00000007676201000000DM 00000000000000000000 01090809220024530322                    100322000000000420075630940010809220000100000000000000000000000000000000000000000000000000000000000000000000000000004200000000000000000000000000000000000000000000000000000010000000000000          0003607094764900000000000000000000000000000000000000000009
1022542123500018830940000316741000000                         00000007772501000000DM 00000000000000000000 01090809220028160322                    100322000000000420075630940010809220000100000000000000000000000000000000000000000000000000000000000000000000000000004200000000000000000000000000000000000000000000000000000010000000000000          0008257197068200000000000000000000000000000000000000000010
1022542123500018830940000316741000000                         00000007796101000000DM 00000000000000000000 01090809220004530322                    100322000000000420075630940010809220000100000000000000000000000000000000000000000000000000000000000000000000000000004200000000000000000000000000000000000000000000000000000010000000000000          0000786278560600000000000000000000000000000000000000000011
1022542123500018830940000316741000000                         00000007818901000000DM 00000000000000000000 01090809220035790322                    100322000000000420075630940010809220000100000000000000000000000000000000000000000000000000000000000000000000000000004200000000000000000000000000000000000000000000000000000010000000000000          0000967040361800000000000000000000000000000000000000000012
1022542123500018830940000316741000000                         00000007842601000000DM 00000000000000000000 01090809220029630322                    100322000000000420075630940010809220000100000000000000000000000000000000000000000000000000000000000000000000000000004200000000000000000000000000000000000000000000000000000010000000000000          0000559499965500000000000000000000000000000000000000000013
1022542123500018830940000316741000000                         00000007926001000000DM 00000000000000000000 01090809220014700322                    100322000000000400075630940010809220000100000000000000000000000000000000000000000000000000000000000000000000000000004000000000000000000000000000000000000000000000000000000010000000000000          0008318973461500000000000000000000000000000000000000000014
1022542123500018830940000316741000000                         00000007938801000000DM 00000000000000000000 01090809220011030322                    100322000000000400075630940010809220000100000000000000000000000000000000000000000000000000000000000000000000000000004000000000000000000000000000000000000000000000000000000010000000000000          0008715135969100000000000000000000000000000000000000000015
1022542123500018830940000316741000000                         00000007998001000000DM 00000000000000000000 01090809220022820322                    100322000000000400075630940010809220000100000000000000000000000000000000000000000000000000000000000000000000000000004000000000000000000000000000000000000000000000000000000010000000000000          0007188059365300000000000000000000000000000000000000000016
1022542123500018830940000316741000000                         00000008010501000000DM 00000000000000000000 01090809220005450322                    100322000000000400075630940010809220000100000000000000000000000000000000000000000000000000000000000000000000000000004000000000000000000000000000000000000000000000000000000010000000000000          0003013578866800000000000000000000000000000000000000000017
1022542123500018830940000316741000000                         00000008034101000000DM 00000000000000000000 01090809220022630322                    100322000000000400075630940010809220000100000000000000000000000000000000000000000000000000000000000000000000000000004000000000000000000000000000000000000000000000000000000010000000000000          0002485828563400000000000000000000000000000000000000000018
1022542123500018830940000316741000000                         00000008078501000000DM 00000000000000000000 01090809221000070222                    100322000000000400075630940010809220000100000000000000000000000000000000000000000000000000000000000000000000000000004000000000000000000000000000000000000000000000000000000010000000000000          7097303700069600000000000000000000000000000000000000000019
1022542123500018830940000316741000000                         00000008080001000000DM 00000000000000000000 01090809221000150222                    100322000000000400075630940010809220000100000000000000000000000000000000000000000000000000000000000000000000000000004000000000000000000000000000000000000000000000000000000010000000000000          7097303700093900000000000000000000000000000000000000000020
1022542123500018830940000316741000000                         00000008081801000000DM 00000000000000000000 01090809221000180222                    100322000000002000075630940010809220000100000000000000000000000000000000000000000000000000000000000000000000000000020000000000000000000000000000000000000000000000000000000010000000000000          1823706600016500000000000000000000000000000000000000000021
1022542123500018830940000316741000000                         00000008082501000000DM 00000000000000000000 01090809221000250222                    100322000000000846075630940010809220000100000000000000000000000000000000000000000000000000000000000000000000000000008460000000000000000000000000000000000000000000000000000010000000000000          2604146700017300000000000000000000000000000000000000000022
1022542123500018830940000316741000000                         00000008083201000000DM 00000000000000000000 01090809221000280322                    100322000000000558075630940010809220000100000000000000000000000000000000000000000000000000000000000000000000000000005580000000000000000000000000000000000000000000000000000010000000000000          0581273600018800000000000000000000000000000000000000000023
1022542123500018830940000316741000000                         00000008084001000000DM 00000000000000000000 01090809221000100222                    100322000000000400075630940010809220000100000000000000000000000000000000000000000000000000000000000000000000000000004000000000000000000000000000000000000000000000000000000010000000000000          7097303700034300000000000000000000000000000000000000000024
1022542123500018830940000316741000000                         00000007908701000000DM 00000000000000000000 01060609220005190922                    100922000000000400010400970010609220000250000000000000000000000000000000000000000000000000000000000000000000000000004000000000000000000000000000000000000000000000000000000010000000000000          0007188477760000000000000000000000000000000000000000000025
9027563094SICOOB CREDIARA          R D BOSCO                                         Centro                        38183228Araxá                         MG291120220000002400000000113                                                                                                                                                                                                                    000026
