02RETORNO01COBRANÇA       30940000327964316741INOVA TECNOLOGIA DE INFORMACAO756 - BANCOOB S/A 2911220000568                                                                                                                                                                                                                                                                                               000001
1022542123500018830940000316741000000                         00000007955301000000DM 00000000000000000000 01061608220001140822                    100822000000000400010400970011608220000250000000000000000000000000000000000000000000000000000000000000000000000000004004000000000000400000000000000000000000000000000000000010000000000000          0004897155363400000000000000000000000000000000000000000002
1022542123500018830940000316741000000                         00000007835401000000DM 00000000000000000000 01061608220035800822                    100822000000000420010400970011608220000250000000000000000000000000000000000000000000000000000000000000000000000000004204000000000000400000000000000000000000000000000000000010000000000000          0008803228063400000000000000000000000000000000000000000003
9027563094SICOOB CREDIARA          R D BOSCO                                         Centro                        38183228Araxá                         MG291120220000000200000000113                                                                                                                                                                                                                    000004
