02RETORNO01COBRANÇA       30940000327964316741INOVA TECNOLOGIA DE INFORMACAO756 - BANCOOB S/A 2911220000567                                                                                                                                                                                                                                                                                               000001
1022542123500018830940000316741000000                         00000007907001000000DM 00000000000000000000 01061208220005190822                    100822000000000400010400970011208220000250000000000000000000000000000000000000000000000000000000000000000000000000004004000000000000400000000000000000000000000000000000000010000000000000          0007188477760000000000000000000000000000000000000000000002
1022542123500018830940000316741000000                         00000007766001000000DM 00000000000000000000 01061108220027000922                    100922000000000420010400970011108220000250000000000000000000000000000000000000000000000000000000000000000000000000004200000000000000000000000000000000000000000000000000000010000000000000          0000487456467400000000000000000000000000000000000000000003
1022542123500018830940000316741000000                         00000007919801000000DM 00000000000000000000 01061008220009010822                    100822000000000400010400970011008220000250000000000000000000000000000000000000000000000000000000000000000000000000004000000000000000000000000000000000000000000000000000000010000000000000          0009470166060400000000000000000000000000000000000000000004
1022542123500018830940000316741000000                         00000007979001000000DM 00000000000000000000 01061008220004160822                    100822000000000400034109440011008220000250000000000000000000000000000000000000000000000000000000000000000000000000004000000000000000000000000000000000000000000000000000000010000000000000          0009147587261500000000000000000000000000000000000000000005
1022542123500018830940000316741000000                         00000007645401000000DM 00000000000000000000 01061008220010200822                    100822000000000420010447510011008220000250000000000000000000000000000000000000000000000000000000000000000000000000004200000000000000000000000000000000000000000000000000000010000000000000          0003616071763400000000000000000000000000000000000000000006
1022542123500018830940000316741000000                         00000007717001000000DM 00000000000000000000 01061008220028150822                    100822000000000420010400970011008220000250000000000000000000000000000000000000000000000000000000000000000000000000004200000000000000000000000000000000000000000000000000000010000000000000          0001026372666500000000000000000000000000000000000000000007
1022542123500018830940000316741000000                         00000007741701000000DM 00000000000000000000 01061008220029010822                    100822000000000420010400970011008220000250000000000000000000000000000000000000000000000000000000000000000000000000004200000000000000000000000000000000000000000000000000000010000000000000          0002483652468700000000000000000000000000000000000000000008
1022542123500018830940000316741000000                         00000007639001000000DM 00000000000000000000 01091008220010200222                    100222000000000420075630940011008220000100000000000000000000000000000000000000000000000000000000000000000000000000004200000000000000000000000000000000000000000000000000000010000000000000          0003616071763400000000000000000000000000000000000000000009
1022542123500018830940000316741000000                         00000007771801000000DM 00000000000000000000 01091008220028160222                    100222000000000420075630940011008220000100000000000000000000000000000000000000000000000000000000000000000000000000004200000000000000000000000000000000000000000000000000000010000000000000          0008257197068200000000000000000000000000000000000000000010
1022542123500018830940000316741000000                         00000007841901000000DM 00000000000000000000 01091008220029630222                    100222000000000420075630940011008220000100000000000000000000000000000000000000000000000000000000000000000000000000004200000000000000000000000000000000000000000000000000000010000000000000          0000559499965500000000000000000000000000000000000000000011
1022542123500018830940000316741000000                         00000007925201000000DM 00000000000000000000 01091008220014700222                    100222000000000400075630940011008220000100000000000000000000000000000000000000000000000000000000000000000000000000004000000000000000000000000000000000000000000000000000000010000000000000          0008318973461500000000000000000000000000000000000000000012
1022542123500018830940000316741000000                         00000007937001000000DM 00000000000000000000 01091008220011030222                    100222000000000400075630940011008220000100000000000000000000000000000000000000000000000000000000000000000000000000004000000000000000000000000000000000000000000000000000000010000000000000          0008715135969100000000000000000000000000000000000000000013
1022542123500018830940000316741000000                         00000007949901000000DM 00000000000000000000 01091008220001140222                    100222000000000400075630940011008220000100000000000000000000000000000000000000000000000000000000000000000000000000004000000000000000000000000000000000000000000000000000000010000000000000          0004897155363400000000000000000000000000000000000000000014
1022542123500018830940000316741000000                         00000007961801000000DM 00000000000000000000 01091008220000410222                    100222000000000400075630940011008220000100000000000000000000000000000000000000000000000000000000000000000000000000004000000000000000000000000000000000000000000000000000000010000000000000          0000565324365500000000000000000000000000000000000000000015
1022542123500018830940000316741000000                         00000007997201000000DM 00000000000000000000 01091008220022820222                    100222000000000400075630940011008220000100000000000000000000000000000000000000000000000000000000000000000000000000004000000000000000000000000000000000000000000000000000000010000000000000          0007188059365300000000000000000000000000000000000000000016
1022542123500018830940000316741000000                         00000008009701000000DM 00000000000000000000 01091008220005450222                    100222000000000400075630940011008220000100000000000000000000000000000000000000000000000000000000000000000000000000004000000000000000000000000000000000000000000000000000000010000000000000          0003013578866800000000000000000000000000000000000000000017
1022542123500018830940000316741000000                         00000008021601000000DM 00000000000000000000 01091008220008690222                    100222000000000400075630940011008220000100000000000000000000000000000000000000000000000000000000000000000000000000004000000000000000000000000000000000000000000000000000000010000000000000          0000027442861000000000000000000000000000000000000000000018
1022542123500018830940000316741000000                         00000008033401000000DM 00000000000000000000 01091008220022630222                    100222000000000400075630940011008220000100000000000000000000000000000000000000000000000000000000000000000000000000004000000000000000000000000000000000000000000000000000000010000000000000          0002485828563400000000000000000000000000000000000000000019
1022542123500018830940000316741000000                         00000008062801000000DM 00000000000000000000 01091008221000070122                    100222000000000400075630940011008220000100000000000000000000000000000000000000000000000000000000000000000000000000004000000000000000000000000000000000000000000000000000000010000000000000          7097303700069600000000000000000000000000000000000000000020
1022542123500018830940000316741000000                         00000008063501000000DM 00000000000000000000 01091008221000100122                    100222000000000800075630940011008220000100000000000000000000000000000000000000000000000000000000000000000000000000008000000000000000000000000000000000000000000000000000000010000000000000          7097303700034300000000000000000000000000000000000000000021
1022542123500018830940000316741000000                         00000008064201000000DM 00000000000000000000 01091008221000150122                    100222000000000400075630940011008220000100000000000000000000000000000000000000000000000000000000000000000000000000004000000000000000000000000000000000000000000000000000000010000000000000          7097303700093900000000000000000000000000000000000000000022
1022542123500018830940000316741000000                         00000008065001000000DM 00000000000000000000 01091008221000180122                    100222000000002650075630940011008220000100000000000000000000000000000000000000000000000000000000000000000000000000026500000000000000000000000000000000000000000000000000000010000000000000          1823706600016500000000000000000000000000000000000000000023
1022542123500018830940000316741000000                         00000008066701000000DM 00000000000000000000 01091008221000250122                    100222000000000846075630940011008220000100000000000000000000000000000000000000000000000000000000000000000000000000008460000000000000000000000000000000000000000000000000000010000000000000          2604146700017300000000000000000000000000000000000000000024
1022542123500018830940000316741000000                         00000008067401000000DM 00000000000000000000 01091008221000280222                    100222000000000558075630940011008220000100000000000000000000000000000000000000000000000000000000000000000000000000005580000000000000000000000000000000000000000000000000000010000000000000          0581273600018800000000000000000000000000000000000000000025
1022542123500018830940000316741000000                         00000008128901000000DM 00000000000000000000 01061008221000280822                    100822000000000558013657310011008220000250000000000000000000000000000000000000000000000000000000000000000000000000005580000000000000000000000000000000000000000000000000000010000000000000          0581273600018800000000000000000000000000000000000000000026
9027563094SICOOB CREDIARA          R D BOSCO                                         Centro                        38183228Araxá                         MG291120220000002500000000113                                                                                                                                                                                                                    000027
