02RETORNO01COBRANÇA       30940000327964316741J REZENDE                     756 - BANCOOB S/A 1910210000501                                                                                                                                                                                                                                                                                               000001
1022542123500018830940000316741000000                         00000007072201000000DM 00000000000000000000 01061110210030691221                    101221000000000400075630940011110210000250000000000000000000000000000000000000000000000000000000000000000000000000004000000000000000000000000000000000000000000000000000000010000000000000          0006037461660400000000000000000000000000000000000000000002
1022542123500018830940000316741000000                         00000007382101000000DM 00000000000000000000 01060810210028161021                    101021000000000400010400970010810210000250000000000000000000000000000000000000000000000000000000000000000000000000004000000000000000000000000000000000000000000000000000000010000000000000          0008257197068200000000000000000000000000000000000000000003
1022542123500018830940000316741000000                         00000007058901000000DM 00000000000000000000 01060810210014701021                    101021000000000380010400970010810210000250000000000000000000000000000000000000000000000000000000000000000000000000003800000000000000000000000000000000000000000000000000000010000000000000          0008318973461500000000000000000000000000000000000000000004
1022542123500018830940000316741000000                         00000007046001000000DM 00000000000000000000 01061110210004141021                    101021000000000400003334670011110210000250000000000000000000000000000000000000000000000000000000000000000000000000004000000000000000000000000000000000000000000000000000000010000000000000          0000303613564200000000000000000000000000000000000000000005
1022542123500018830940000316741000000                         00000007142301000000DM 00000000000000000000 01061110210023041021                    101021000000000400010400970011110210000250000000000000000000000000000000000000000000000000000000000000000000000000004000000000000000000000000000000000000000000000000000000010000000000000          0004225353567200000000000000000000000000000000000000000006
1022542123500018830940000316741000000                         00000007034201000000DM 00000000000000000000 01061110210009011021                    101021000000000380010400970011110210000250000000000000000000000000000000000000000000000000000000000000000000000000003800000000000000000000000000000000000000000000000000000010000000000000          0009470166060400000000000000000000000000000000000000000007
1022542123500018830940000316741000000                         00000007071501000000DM 00000000000000000000 01061110210030691121                    101121000000000400075630940011110210000250000000000000000000000000000000000000000000000000000000000000000000000000004000000000000000000000000000000000000000000000000000000010000000000000          0006037461660400000000000000000000000000000000000000000008
1022542123500018830940000316741000000                         00000007070801000000DM 00000000000000000000 01061110210030691021                    101021000000000400075630940011110210000250000000000000000000000000000000000000000000000000000000000000000000000000004000000000000000000000000000000000000000000000000000000010000000000000          0006037461660400000000000000000000000000000000000000000009
1022542123500018830940000316741000000                         00000007572101000000DM 00000000000000000000 01061110211000070921                    101021000000000380075684530011110210000250000000000000000000000000000000000000000000000000000000000000000000000000003800000000000000000000000000000000000000000000000000000010000000000000          7097303700069600000000000000000000000000000000000000000010
1022542123500018830940000316741000000                         00000007574601000000DM 00000000000000000000 01061110211000100921                    101021000000000760075684530011110210000250000000000000000000000000000000000000000000000000000000000000000000000000007600000000000000000000000000000000000000000000000000000010000000000000          7097303700034300000000000000000000000000000000000000000011
1022542123500018830940000316741000000                         00000007573901000000DM 00000000000000000000 01061110211000150921                    101021000000000380075684530011110210000250000000000000000000000000000000000000000000000000000000000000000000000000003800000000000000000000000000000000000000000000000000000010000000000000          7097303700093900000000000000000000000000000000000000000012
1022542123500018830940000316741000000                         00000007346601000000DM 00000000000000000000 01061110210028151021                    101021000000000400010400970011110210000250000000000000000000000000000000000000000000000000000000000000000000000000004000000000000000000000000000000000000000000000000000000010000000000000          0001026372666500000000000000000000000000000000000000000013
1022542123500018830940000316741000000                         00000007141601000000DM 00000000000000000000 01061110210023040921                    100921000000000400010400970011110210000250000000000000000000000000000000000000000000000000000000000000000000000000004004000000000000400000000000000000000000000000000000000010000000000000          0004225353567200000000000000000000000000000000000000000014
1022542123500018830940000316741000000                         00000007178801000000DM 00000000000000000000 01061110210015981021                    101021000000000380010400970011110210000250000000000000000000000000000000000000000000000000000000000000000000000000003800000000000000000000000000000000000000000000000000000010000000000000          0007886934067800000000000000000000000000000000000000000015
1022542123500018830940000316741000000                         00000007358401000000DM 00000000000000000000 01061110210000411021                    101021000000000380010400970011110210000250000000000000000000000000000000000000000000000000000000000000000000000000003800000000000000000000000000000000000000000000000000000010000000000000          0000565324365500000000000000000000000000000000000000000016
1022542123500018830940000316741000000                         00000007335501000000DM 00000000000000000000 01061110210001141121                    101121000000000380010400970011110210000250000000000000000000000000000000000000000000000000000000000000000000000000003800000000000000000000000000000000000000000000000000000010000000000000          0004897155363400000000000000000000000000000000000000000017
1022542123500018830940000316741000000                         00000007118601000000DM 00000000000000000000 01061110210011031021                    101021000000000380010400970011110210000250000000000000000000000000000000000000000000000000000000000000000000000000003800000000000000000000000000000000000000000000000000000010000000000000          0008715135969100000000000000000000000000000000000000000018
1022542123500018830940000316741000000                         00000007022401000000DM 00000000000000000000 01060710210024531021                    101021000000000400010400970010710210000250000000000000000000000000000000000000000000000000000000000000000000000000004000000000000000000000000000000000000000000000000000000010000000000000          0003607094764900000000000000000000000000000000000000000019
1022542123500018830940000316741000000                         00000007576001000000DM 00000000000000000000 01060710211000250921                    101021000000000895010400970010710210000250000000000000000000000000000000000000000000000000000000000000000000000000008950000000000000000000000000000000000000000000000000000010000000000000          2604146700017300000000000000000000000000000000000000000020
1022542123500018830940000316741000000                         00000007522301000000DM 00000000000000000000 01090810211000180321                    100421000000001520075630940010810210000100000000000000000000000000000000000000000000000000000000000000000000000000015200000000000000000000000000000000000000000000000000000010000000000000          1823706600016500000000000000000000000000000000000000000021
1022542123500018830940000316741000000                         00000007491001000000DM 00000000000000000000 01090810210029710421                    100421000000000400075630940010810210000100000000000000000000000000000000000000000000000000000000000000000000000000004000000000000000000000000000000000000000000000000000000010000000000000          0002729840060600000000000000000000000000000000000000000022
1022542123500018830940000316741000000                         00000007447501000000DM 00000000000000000000 01090810210030850421                    100421000000000400075630940010810210000100000000000000000000000000000000000000000000000000000000000000000000000000004000000000000000000000000000000000000000000000000000000010000000000000          0000408716762300000000000000000000000000000000000000000023
1022542123500018830940000316741000000                         00000007435701000000DM 00000000000000000000 01090810210022630421                    100421000000000380075630940010810210000100000000000000000000000000000000000000000000000000000000000000000000000000003800000000000000000000000000000000000000000000000000000010000000000000          0002485828563400000000000000000000000000000000000000000024
1022542123500018830940000316741000000                         00000007412801000000DM 00000000000000000000 01090810210028810421                    100421000000000400075630940010810210000100000000000000000000000000000000000000000000000000000000000000000000000000004000000000000000000000000000000000000000000000000000000010000000000000          0002729612165300000000000000000000000000000000000000000025
1022542123500018830940000316741000000                         00000007388501000000DM 00000000000000000000 01090810210004910421                    100421000000000380075630940010810210000100000000000000000000000000000000000000000000000000000000000000000000000000003800000000000000000000000000000000000000000000000000000010000000000000          0002624052160400000000000000000000000000000000000000000026
1022542123500018830940000316741000000                         00000007316501000000DM 00000000000000000000 01090810210010920421                    100421000000000380075630940010810210000100000000000000000000000000000000000000000000000000000000000000000000000000003800000000000000000000000000000000000000000000000000000010000000000000          0007570230469100000000000000000000000000000000000000000027
1022542123500018830940000316741000000                         00000007280501000000DM 00000000000000000000 01090810210010210421                    100421000000000380075630940010810210000100000000000000000000000000000000000000000000000000000000000000000000000000003800000000000000000000000000000000000000000000000000000010000000000000          0007187518269100000000000000000000000000000000000000000028
1022542123500018830940000316741000000                         00000007220301000000DM 00000000000000000000 01090810210029630421                    100421000000000400075630940010810210000100000000000000000000000000000000000000000000000000000000000000000000000000004000000000000000000000000000000000000000000000000000000010000000000000          0000559499965500000000000000000000000000000000000000000029
1022542123500018830940000316741000000                         00000007196001000000DM 00000000000000000000 01090810210008690421                    100421000000000380075630940010810210000100000000000000000000000000000000000000000000000000000000000000000000000000003800000000000000000000000000000000000000000000000000000010000000000000          0000027442861000000000000000000000000000000000000000000030
1022542123500018830940000316741000000                         00000007124001000000DM 00000000000000000000 01090810210004270421                    100421000000000380075630940010810210000100000000000000000000000000000000000000000000000000000000000000000000000000003800000000000000000000000000000000000000000000000000000010000000000000          0000329979965700000000000000000000000000000000000000000031
1022542123500018830940000316741000000                         00000007088001000000DM 00000000000000000000 01090810210022820421                    100421000000000380075630940010810210000100000000000000000000000000000000000000000000000000000000000000000000000000003800000000000000000000000000000000000000000000000000000010000000000000          0007188059365300000000000000000000000000000000000000000032
1022542123500018830940000316741000000                         00000006920701000000DM 00000000000000000000 01090810210004530421                    100421000000000400075630940010810210000100000000000000000000000000000000000000000000000000000000000000000000000000004000000000000000000000000000000000000000000000000000000010000000000000          0000786278560600000000000000000000000000000000000000000033
1022542123500018830940000316741000000                         00000007010601000000DM 00000000000000000000 01060810210016361021                    101021000000000400010400970010810210000250000000000000000000000000000000000000000000000000000000000000000000000000004000000000000000000000000000000000000000000000000000000010000000000000          0004340692069100000000000000000000000000000000000000000034
1022542123500018830940000316741000000                         00000007272601000000DM 00000000000000000000 01060810210010480821                    100821000000000400010400970010810210000250000000000000000000000000000000000000000000000000000000000000000000000000004004000000000000400000000000000000000000000000000000000010000000000000          0000027554260200000000000000000000000000000000000000000035
1022542123500018830940000316741000000                         00000007310101000000DM 00000000000000000000 01060810210029011021                    101021000000000400010400970010810210000250000000000000000000000000000000000000000000000000000000000000000000000000004000000000000000000000000000000000000000000000000000000010000000000000          0002483652468700000000000000000000000000000000000000000036
1022542123500018830940000316741000000                         00000007298701000000DM 00000000000000000000 01060810210006481021                    101021000000000400010400970010810210000250000000000000000000000000000000000000000000000000000000000000000000000000004000000000000000000000000000000000000000000000000000000010000000000000          0001612677762000000000000000000000000000000000000000000037
1022542123500018830940000316741000000                         00000007166001000000DM 00000000000000000000 01060810210008471021                    101021000000000400010400970010810210000250000000000000000000000000000000000000000000000000000000000000000000000000004000000000000000000000000000000000000000000000000000000010000000000000          0000150671660100000000000000000000000000000000000000000038
1022542123500018830940000316741000000                         00000007577801000000DM 00000000000000000000 01060810211000281021                    101021000000000777013657310010810210000250000000000000000000000000000000000000000000000000000000000000000000000000007770000000000000000000000000000000000000000000000000000010000000000000          0581273600018800000000000000000000000000000000000000000039
9027563094SICOOB CREDIARA          R D BOSCO                                         Centro                        38183228Araxá                         MG191020210000003800000000113                                                                                                                                                                                                                    000040
