02RETORNO01COBRANÇA       30940000327964316741J REZENDE                     756 - BANCOOB S/A 1910210000502                                                                                                                                                                                                                                                                                               000001
1022542123500018830940000316741000000                         00000007155901000000DM 00000000000000000000 01061410210002361121                    101121000000000400010400970011410210000250000000000000000000000000000000000000000000000000000000000000000000000000004000000000000000000000000000000000000000000000000000000010000000000000          0000569370264200000000000000000000000000000000000000000002
1022542123500018830940000316741000000                         00000007370301000000DM 00000000000000000000 01061310210004161021                    101021000000000380008100010011310210000250000000000000000000000000000000000000000000000000000000000000000000000000003803000000000000300000000000000000000000000000000000000010000000000000          0009147587261500000000000000000000000000000000000000000003
9027563094SICOOB CREDIARA          R D BOSCO                                         Centro                        38183228Araxá                         MG191020210000000200000000113                                                                                                                                                                                                                    000004
