02RETORNO01COBRANÇA       30940000327964316741J REZENDE                     756 - BANCOOB S/A 1910210000499                                                                                                                                                                                                                                                                                               000001
1022542123500018830940000316741000000                         00000007480901000000DM 00000000000000000000 01060110210028821021                    101021000000000400010400970010110210000250000000000000000000000000000000000000000000000000000000000000000000000000004000000000000000000000000000000000000000000000000000000010000000000000          0008182941865300000000000000000000000000000000000000000002
1022542123500018830940000316741000000                         00000006878101000000DM 00000000000000000000 01063009210026741021                    101021000000000400010400970013009210000250000000000000000000000000000000000000000000000000000000000000000000000000004000000000000000000000000000000000000000000000000000000010000000000000          0000954360460600000000000000000000000000000000000000000003
1022542123500018830940000316741000000                         00000006902401000000DM 00000000000000000000 01063009210011611021                    101021000000000380010400970013009210000250000000000000000000000000000000000000000000000000000000000000000000000000003800000000000000000000000000000000000000000000000000000010000000000000          0004342743060000000000000000000000000000000000000000000004
1022542123500018830940000316741000000                         00000007512001000000DM 00000000000000000000 01062909210035750921                    100921000000000400010400970012909210000250000000000000000000000000000000000000000000000000000000000000000000000000004004000000000000400000000000000000000000000000000000000010000000000000          0000188321888800000000000000000000000000000000000000000005
1022542123500018830940000316741000000                         00000007513701000000DM 00000000000000000000 01062909210035751021                    101021000000000400010400970012909210000250000000000000000000000000000000000000000000000000000000000000000000000000004000000000000000000000000000000000000000000000000000000010000000000000          0000188321888800000000000000000000000000000000000000000006
1022542123500018830940000316741000000                         00000007261501000000DM 00000000000000000000 01062809210013890921                    280921000000000380000102100012809210000250000000000000000000000000000000000000000000000000000000000000000000000000003800000000000000000000000000000000000000000000000000000010000000000000          0000690262868800000000000000000000000000000000000000000007
1022542123500018830940000316741000000                         00000007249601000000DM 00000000000000000000 01062809210005450921                    100921000000000380010400970012809210000250000000000000000000000000000000000000000000000000000000000000000000000000003803000000000000300000000000000000000000000000000000000010000000000000          0003013578866800000000000000000000000000000000000000000008
9027563094SICOOB CREDIARA          R D BOSCO                                         Centro                        38183228Araxá                         MG191020210000000700000000113                                                                                                                                                                                                                    000009
