02RETORNO01COBRANÇA       30940000327964316741J REZENDE                     756 - BANCOOB S/A 1910210000500                                                                                                                                                                                                                                                                                               000001
1022542123500018830940000316741000000                         00000006962601000000DM 00000000000000000000 01060610210025271021                    101021000000000400010400970010610210000250000000000000000000000000000000000000000000000000000000000000000000000000004000000000000000000000000000000000000000000000000000000010000000000000          0000677178867900000000000000000000000000000000000000000002
1022542123500018830940000316741000000                         00000006914201000000DM 00000000000000000000 01060510210005191021                    101021000000000380010400970010510210000250000000000000000000000000000000000000000000000000000000000000000000000000003800000000000000000000000000000000000000000000000000000010000000000000          0007188477760000000000000000000000000000000000000000000003
1022542123500018830940000316741000000                         00000006985501000000DM 00000000000000000000 01060510210010200921                    100921000000000400010400970010510210000250000000000000000000000000000000000000000000000000000000000000000000000000004004000000000000400000000000000000000000000000000000000010000000000000          0003616071763400000000000000000000000000000000000000000004
1022542123500018830940000316741000000                         00000007430001000000DM 00000000000000000000 01060410210005351021                    101021000000000380010400970010410210000250000000000000000000000000000000000000000000000000000000000000000000000000003800000000000000000000000000000000000000000000000000000010000000000000          0000659773163800000000000000000000000000000000000000000005
1022542123500018830940000316741000000                         00000006974401000000DM 00000000000000000000 01060410210017951021                    101021000000000380010400970010410210000250000000000000000000000000000000000000000000000000000000000000000000000000003800000000000000000000000000000000000000000000000000000010000000000000          0000027258068600000000000000000000000000000000000000000006
1022542123500018830940000316741000000                         00000006866301000000DM 00000000000000000000 01060410210014581021                    101021000000000380010400970010410210000250000000000000000000000000000000000000000000000000000000000000000000000000003800000000000000000000000000000000000000000000000000000010000000000000          0002361630010000000000000000000000000000000000000000000007
1022542123500018830940000316741000000                         00000006950801000000DM 00000000000000000000 01060410210014951021                    101021000000000380010400970010410210000250000000000000000000000000000000000000000000000000000000000000000000000000003800000000000000000000000000000000000000000000000000000010000000000000          0000136752462800000000000000000000000000000000000000000008
1022542123500018830940000316741000000                         00000007550001000000DM 00000000000000000000 01060410210035801021                    101021000000000400010400970010410210000250000000000000000000000000000000000000000000000000000000000000000000000000004000000000000000000000000000000000000000000000000000000010000000000000          0008803228063400000000000000000000000000000000000000000009
9027563094SICOOB CREDIARA          R D BOSCO                                         Centro                        38183228Araxá                         MG191020210000000800000000113                                                                                                                                                                                                                    000010
