02RETORNO01COBRANÇA       30940000327964316741J REZENDE - ME                756 - BANCOOB S/A 0910170000168                                                                                                                                                                                                                                                                                               000001
1022542123500018830940000316741000000                         00000000327201000000DM 00000000000000000000 01060310170004371017                    101017000000000294010400970010310170000250000000000000000000000000000000000000000000000000000000000000000000000000002940000000000000000000000000000000000000000000000000000010000000000000          0001313854565300000000000000000000000000000000000000000002
1022542123500018830940000316741000000                         00000002289501000000DM 00000000000000000000 01060310170015231017                    101017000000000294010400970010310170000250000000000000000000000000000000000000000000000000000000000000000000000000002940000000000000000000000000000000000000000000000000000010000000000000          0003225778362000000000000000000000000000000000000000000003
1022542123500018830940000316741000000                         00000002121301000000DM 00000000000000000000 01060310170026741017                    101017000000000349010400970010310170000250000000000000000000000000000000000000000000000000000000000000000000000000003490000000000000000000000000000000000000000000000000000010000000000000          0000954360460600000000000000000000000000000000000000000004
1022542123500018830940000316741000000                         00000001917901000000DM 00000000000000000000 01060310170025191017                    101017000000000349010407080010310170000250000000000000000000000000000000000000000000000000000000000000000000000000003490000000000000000000000000000000000000000000000000000010000000000000          0008540006863400000000000000000000000000000000000000000005
9027563094SICOOB CREDIARA          RUA MARIA RITA DE AGUIAR                          CENTRO                        38183236ARAXÁ                         MG091020170000000400000000113                                                                                                                                                                                                                    000006
