02RETORNO01COBRANÇA       30940000327964316741J REZENDE - ME                756 - BANCOOB S/A 1010170000169                                                                                                                                                                                                                                                                                               000001
1022542123500018830940000316741000000                         00000001446301000000DM 00000000000000000000 01060910170027571017                    101017000000000349010400970010910170000250000000000000000000000000000000000000000000000000000000000000000000000000003490000000000000000000000000000000000000000000000000000010000000000000          0000699499364700000000000000000000000000000000000000000002
1022542123500018830940000316741000000                         00000000394601000000DM 00000000000000000000 01090910170006510417                    100417000000000294075630940010910170000000000000000000000000000000000000000000000000000000000000000000000000000000002940000000000000000000000000000000000000000000000000000010000000000000          0006345744697000000000000000000000000000000000000000000003
1022542123500018830940000316741000000                         00000000918701000000DM 00000000000000000000 01060910170012341017                    101017000000000294075630940010910170000250000000000000000000000000000000000000000000000000000000000000000000000000002940000000000000000000000000000000000000000000000000000010000000000000          0008461066260400000000000000000000000000000000000000000004
1022542123500018830940000316741000000                         00000001512501000000DM 00000000000000000000 01090910170028310417                    100417000000000349075630940010910170000000000000000000000000000000000000000000000000000000000000000000000000000000003490000000000000000000000000000000000000000000000000000010000000000000          0000512998361000000000000000000000000000000000000000000005
1022542123500018830940000316741000000                         00000002043301000000DM 00000000000000000000 01090910170026050417                    100417000000000349075630940010910170000000000000000000000000000000000000000000000000000000000000000000000000000000003490000000000000000000000000000000000000000000000000000010000000000000          0000258153466400000000000000000000000000000000000000000006
1022542123500018830940000316741000000                         00000002061601000000DM 00000000000000000000 01060910170026061017                    101017000000000349010400970010910170000250000000000000000000000000000000000000000000000000000000000000000000000000003490000000000000000000000000000000000000000000000000000010000000000000          0004341197568700000000000000000000000000000000000000000007
1022542123500018830940000316741000000                         00000001827001000000DM 00000000000000000000 01090910170030400417                    100417000000000349075630940010910170000000000000000000000000000000000000000000000000000000000000000000000000000000003490000000000000000000000000000000000000000000000000000010000000000000          0009240028064900000000000000000000000000000000000000000008
1022542123500018830940000316741000000                         00000001899001000000DM 00000000000000000000 01090910170030380417                    100417000000000349075630940010910170000000000000000000000000000000000000000000000000000000000000000000000000000000003490000000000000000000000000000000000000000000000000000010000000000000          0000390944564000000000000000000000000000000000000000000009
1022542123500018830940000316741000000                         00000001344701000000DM 00000000000000000000 01090910170022730417                    100417000000000349075630940010910170000000000000000000000000000000000000000000000000000000000000000000000000000000003490000000000000000000000000000000000000000000000000000010000000000000          0008144163060000000000000000000000000000000000000000000010
1022542123500018830940000316741000000                         00000001392001000000DM 00000000000000000000 01090910170023330417                    100417000000000349075630940010910170000000000000000000000000000000000000000000000000000000000000000000000000000000003490000000000000000000000000000000000000000000000000000010000000000000          0005961869865300000000000000000000000000000000000000000011
1022542123500018830940000316741000000                         00000000213801000000DM 00000000000000000000 01090910170003180417                    100417000000000294075630940010910170000000000000000000000000000000000000000000000000000000000000000000000000000000002940000000000000000000000000000000000000000000000000000010000000000000          0000949559261500000000000000000000000000000000000000000012
1022542123500018830940000316741000000                         00000000129301000000DM 00000000000000000000 01090910170000600417                    100417000000000349075630940010910170000000000000000000000000000000000000000000000000000000000000000000000000000000003490000000000000000000000000000000000000000000000000000010000000000000          0005496202167200000000000000000000000000000000000000000013
1022542123500018830940000316741000000                         00000000418801000000DM 00000000000000000000 01090910170007010417                    100417000000000294075630940010910170000000000000000000000000000000000000000000000000000000000000000000000000000000002940000000000000000000000000000000000000000000000000000010000000000000          0006529267760400000000000000000000000000000000000000000014
1022542123500018830940000316741000000                         00000002031501000000DM 00000000000000000000 01090910170025960417                    100417000000000349075630940010910170000000000000000000000000000000000000000000000000000000000000000000000000000000003490000000000000000000000000000000000000000000000000000010000000000000          0009277829168700000000000000000000000000000000000000000015
1022542123500018830940000316741000000                         00000000540201000000DM 00000000000000000000 01090910170001540417                    100417000000000294075630940010910170000000000000000000000000000000000000000000000000000000000000000000000000000000002940000000000000000000000000000000000000000000000000000010000000000000          0008246321269100000000000000000000000000000000000000000016
1022542123500018830940000316741000000                         00000000684801000000DM 00000000000000000000 01090910170009500417                    100417000000000294075630940010910170000000000000000000000000000000000000000000000000000000000000000000000000000000002940000000000000000000000000000000000000000000000000000010000000000000          0002436214069700000000000000000000000000000000000000000017
1022542123500018830940000316741000000                         00000001887201000000DM 00000000000000000000 01090910170030360417                    100417000000000349075630940010910170000000000000000000000000000000000000000000000000000000000000000000000000000000003490000000000000000000000000000000000000000000000000000010000000000000          0003618392060600000000000000000000000000000000000000000018
1022542123500018830940000316741000000                         00000002469101000000DM 00000000000000000000 01090910170026730417                    100417000000000349075630940010910170000000000000000000000000000000000000000000000000000000000000000000000000000000003490000000000000000000000000000000000000000000000000000010000000000000          0000945536569300000000000000000000000000000000000000000019
1022542123500018830940000316741000000                         00000002481001000000DM 00000000000000000000 01090910170029720417                    100417000000000319075630940010910170000000000000000000000000000000000000000000000000000000000000000000000000000000003190000000000000000000000000000000000000000000000000000010000000000000          0001294552163600000000000000000000000000000000000000000020
1022542123500018830940000316741000000                         00000001788801000000DM 00000000000000000000 01090910170030180417                    100417000000000349075630940010910170000000000000000000000000000000000000000000000000000000000000000000000000000000003490000000000000000000000000000000000000000000000000000010000000000000          0000706059360800000000000000000000000000000000000000000021
1022542123500018830940000316741000000                         00000000339001000000DM 00000000000000000000 01060910170004531017                    101017000000000349010400970010910170000250000000000000000000000000000000000000000000000000000000000000000000000000003490000000000000000000000000000000000000000000000000000010000000000000          0005516708060600000000000000000000000000000000000000000022
1022542123500018830940000316741000000                         00000000924101000000DM 00000000000000000000 01090910170013270417                    100417000000000294075630940010910170000000000000000000000000000000000000000000000000000000000000000000000000000000002940000000000000000000000000000000000000000000000000000010000000000000          0005974586069700000000000000000000000000000000000000000023
1022542123500018830940000316741000000                         00000000936001000000DM 00000000000000000000 01090910170013510417                    100417000000000294075630940010910170000000000000000000000000000000000000000000000000000000000000000000000000000000002940000000000000000000000000000000000000000000000000000010000000000000          0009006468266800000000000000000000000000000000000000000024
1022542123500018830940000316741000000                         00000001020501000000DM 00000000000000000000 01090910170024790417                    100417000000000349075630940010910170000000000000000000000000000000000000000000000000000000000000000000000000000000003490000000000000000000000000000000000000000000000000000010000000000000          0000302933999800000000000000000000000000000000000000000025
1022542123500018830940000316741000000                         00000001644201000000DM 00000000000000000000 01090910170029260417                    100417000000000349075630940010910170000000000000000000000000000000000000000000000000000000000000000000000000000000003490000000000000000000000000000000000000000000000000000010000000000000          0001299792766800000000000000000000000000000000000000000026
1022542123500018830940000316741000000                         00000001710401000000DM 00000000000000000000 01060910170029711017                    101017000000000349034109440010910170000250000000000000000000000000000000000000000000000000000000000000000000000000003490000000000000000000000000000000000000000000000000000010000000000000          0002729840060600000000000000000000000000000000000000000027
1022542123500018830940000316741000000                         00000001716801000000DM 00000000000000000000 01090910170029730417                    100417000000000349075630940010910170000000000000000000000000000000000000000000000000000000000000000000000000000000003490000000000000000000000000000000000000000000000000000010000000000000          0007874980867200000000000000000000000000000000000000000028
1022542123500018830940000316741000000                         00000002530701000000DM 00000000000000000000 01090910170030450417                    100417000000000349075630940010910170000000000000000000000000000000000000000000000000000000000000000000000000000000003490000000000000000000000000000000000000000000000000000010000000000000          0000956345263100000000000000000000000000000000000000000029
1022542123500018830940000316741000000                         00000000490901000000DM 00000000000000000000 01090910170007690417                    100417000000000294075630940010910170000000000000000000000000000000000000000000000000000000000000000000000000000000002940000000000000000000000000000000000000000000000000000010000000000000          0000557136962000000000000000000000000000000000000000000030
1022542123500018830940000316741000000                         00000000756301000000DM 00000000000000000000 01090910170010460417                    100417000000000294075630940010910170000000000000000000000000000000000000000000000000000000000000000000000000000000002940000000000000000000000000000000000000000000000000000010000000000000          0000013014064300000000000000000000000000000000000000000031
1022542123500018830940000316741000000                         00000001494701000000DM 00000000000000000000 01060910170028151001                    101017000000000349034109440010910170000250000000000000000000000000000000000000000000000000000000000000000000000000003490000000000000000000000000000000000000000000000000000010000000000000          0001026372666500000000000000000000000000000000000000000032
1022542123500018830940000316741000000                         00000001506001000000DM 00000000000000000000 01060910170028161017                    101017000000000349010400970010910170000250000000000000000000000000000000000000000000000000000000000000000000000000003490000000000000000000000000000000000000000000000000000010000000000000          0008257197068200000000000000000000000000000000000000000033
1022542123500018830940000316741000000                         00000001524301000000DM 00000000000000000000 01090910170028530417                    100417000000000349075630940010910170000000000000000000000000000000000000000000000000000000000000000000000000000000003490000000000000000000000000000000000000000000000000000010000000000000          0007188229465300000000000000000000000000000000000000000034
1022542123500018830940000316741000000                         00000000117501000000DM 00000000000000000000 01090910170000480417                    100417000000000294075630940010910170000000000000000000000000000000000000000000000000000000000000000000000000000000002940000000000000000000000000000000000000000000000000000010000000000000          0005239992363400000000000000000000000000000000000000000035
1022542123500018830940000316741000000                         00000000303601000000DM 00000000000000000000 01060910170004221017                    101017000000000294010400970010910170000250000000000000000000000000000000000000000000000000000000000000000000000000002940000000000000000000000000000000000000000000000000000010000000000000          0007415855469100000000000000000000000000000000000000000036
1022542123500018830940000316741000000                         00000000876201000000DM 00000000000000000000 01090910170012100417                    100417000000000294075630940010910170000000000000000000000000000000000000000000000000000000000000000000000000000000002940000000000000000000000000000000000000000000000000000010000000000000          0007188717265300000000000000000000000000000000000000000037
1022542123500018830940000316741000000                         00000002067001000000DM 00000000000000000000 01090910170026580417                    100417000000000349075630940010910170000000000000000000000000000000000000000000000000000000000000000000000000000000003490000000000000000000000000000000000000000000000000000010000000000000          0003032597862000000000000000000000000000000000000000000038
1022542123500018830940000316741000000                         00000002265901000000DM 00000000000000000000 01060910170014701017                    101017000000000294010400970010910170000250000000000000000000000000000000000000000000000000000000000000000000000000002940000000000000000000000000000000000000000000000000000010000000000000          0008318973461500000000000000000000000000000000000000000039
1022542123500018830940000316741000000                         00000002335001000000DM 00000000000000000000 01090910170011100417                    100417000000000294075630940010910170000000000000000000000000000000000000000000000000000000000000000000000000000000002940000000000000000000000000000000000000000000000000000010000000000000          0005856618068200000000000000000000000000000000000000000040
1022542123500018830940000316741000000                         00000002347801000000DM 00000000000000000000 01090910170029790417                    100417000000000349075630940010910170000000000000000000000000000000000000000000000000000000000000000000000000000000003490000000000000000000000000000000000000000000000000000010000000000000          0000858497662000000000000000000000000000000000000000000041
1022542123500018830940000316741000000                         00000001338201000000DM 00000000000000000000 01060910170022691017                    101017000000000349034199260010910170000250000000000000000000000000000000000000000000000000000000000000000000000000003490000000000000000000000000000000000000000000000000000010000000000000          0006307307269100000000000000000000000000000000000000000042
1022542123500018830940000316741000000                         00000001668901000000DM 00000000000000000000 01090910170029630417                    100417000000000349075630940010910170000000000000000000000000000000000000000000000000000000000000000000000000000000003490000000000000000000000000000000000000000000000000000010000000000000          0000559499965500000000000000000000000000000000000000000043
1022542123500018830940000316741000000                         00000002432001000000DM 00000000000000000000 01090910170026590417                    100417000000000349075630940010910170000000000000000000000000000000000000000000000000000000000000000000000000000000003490000000000000000000000000000000000000000000000000000010000000000000          0001014914566700000000000000000000000000000000000000000044
1022542123500018830940000316741000000                         00000001307401000000DM 00000000000000000000 01090910170030210317                    100417000000000319075630940010910170000000000000000000000000000000000000000000000000000000000000000000000000000000003190000000000000000000000000000000000000000000000000000010000000000000          0000821220462600000000000000000000000000000000000000000045
1022542123500018830940000316741000000                         00000000618101000000DM 00000000000000000000 01060910170005351017                    101017000000000294010400970010910170000250000000000000000000000000000000000000000000000000000000000000000000000000002940000000000000000000000000000000000000000000000000000010000000000000          0000659773163800000000000000000000000000000000000000000046
1022542123500018830940000316741000000                         00000000630001000000DM 00000000000000000000 01060910170005191017                    101017000000000294010400970010910170000250000000000000000000000000000000000000000000000000000000000000000000000000002940000000000000000000000000000000000000000000000000000010000000000000          0007188477760000000000000000000000000000000000000000000047
1022542123500018830940000316741000000                         00000000702601000000DM 00000000000000000000 01060910170009531017                    101017000000000294010400970010910170000250000000000000000000000000000000000000000000000000000000000000000000000000002940000000000000000000000000000000000000000000000000000010000000000000          0004361846464900000000000000000000000000000000000000000048
1022542123500018830940000316741000000                         00000001800201000000DM 00000000000000000000 01090910170030290417                    100417000000000349075630940010910170000000000000000000000000000000000000000000000000000000000000000000000000000000003490000000000000000000000000000000000000000000000000000010000000000000          0001252081260500000000000000000000000000000000000000000049
1022542123500018830940000316741000000                         00000001188701000000DM 00000000000000000000 01090910170017670417                    100417000000000294075630940010910170000000000000000000000000000000000000000000000000000000000000000000000000000000002940000000000000000000000000000000000000000000000000000010000000000000          0000314784764000000000000000000000000000000000000000000050
1022542123500018830940000316741000000                         00000001752301000000DM 00000000000000000000 01090910170029810417                    100417000000000349075630940010910170000000000000000000000000000000000000000000000000000000000000000000000000000000003490000000000000000000000000000000000000000000000000000010000000000000          0000866105069300000000000000000000000000000000000000000051
1022542123500018830940000316741000000                         00000002457301000000DM 00000000000000000000 01090910170028170417                    100417000000000349075630940010910170000000000000000000000000000000000000000000000000000000000000000000000000000000003490000000000000000000000000000000000000000000000000000010000000000000          0006612029269100000000000000000000000000000000000000000052
1022542123500018830940000316741000000                         00000002563001000000DM 00000000000000000000 01090910170029490417                    100417000000000349075630940010910170000000000000000000000000000000000000000000000000000000000000000000000000000000003490000000000000000000000000000000000000000000000000000010000000000000          0007246053964900000000000000000000000000000000000000000053
1022542123500018830940000316741000000                         00000002295001000000DM 00000000000000000000 01090910170015250417                    100417000000000294075630940010910170000000000000000000000000000000000000000000000000000000000000000000000000000000002940000000000000000000000000000000000000000000000000000010000000000000          0000129208361100000000000000000000000000000000000000000054
1022542123500018830940000316741000000                         00000001428001000000DM 00000000000000000000 01090910170023870417                    100417000000000349075630940010910170000000000000000000000000000000000000000000000000000000000000000000000000000000003490000000000000000000000000000000000000000000000000000010000000000000          0009654065665300000000000000000000000000000000000000000055
1022542123500018830940000316741000000                         00000002365001000000DM 00000000000000000000 01060910170027501017                    101017000000000349010400970010910170000250000000000000000000000000000000000000000000000000000000000000000000000000003490000000000000000000000000000000000000000000000000000010000000000000          0000282899960200000000000000000000000000000000000000000056
1022542123500018830940000316741000000                         00000000966001000000DM 00000000000000000000 01060910170023971017                    101017000000000349010400970010910170000250000000000000000000000000000000000000000000000000000000000000000000000000003490000000000000000000000000000000000000000000000000000010000000000000          0007188737762000000000000000000000000000000000000000000057
1022542123500018830940000316741000000                         00000001062401000000DM 00000000000000000000 01060910170015611017                    101017000000000294010400970010910170000250000000000000000000000000000000000000000000000000000000000000000000000000002940000000000000000000000000000000000000000000000000000010000000000000          0000512874565100000000000000000000000000000000000000000058
1022542123500018830940000316741000000                         00000001295001000000DM 00000000000000000000 01090910170030200317                    100417000000000319075630940010910170000000000000000000000000000000000000000000000000000000000000000000000000000000003190000000000000000000000000000000000000000000000000000010000000000000          0000859660265800000000000000000000000000000000000000000059
1022542123500018830940000316741000000                         00000001740501000000DM 00000000000000000000 01090910170029780417                    100417000000000349075630940010910170000000000000000000000000000000000000000000000000000000000000000000000000000000003490000000000000000000000000000000000000000000000000000010000000000000          0000781177065200000000000000000000000000000000000000000060
1022542123500018830940000316741000000                         00000002307301000000DM 00000000000000000000 01090910170015560417                    100417000000000294075630940010910170000000000000000000000000000000000000000000000000000000000000000000000000000000002940000000000000000000000000000000000000000000000000000010000000000000          0006112200961500000000000000000000000000000000000000000061
1022542123500018830940000316741000000                         00000001224801000000DM 00000000000000000000 01090910170022630417                    100417000000000294075630940010910170000000000000000000000000000000000000000000000000000000000000000000000000000000002940000000000000000000000000000000000000000000000000000010000000000000          0002485828563400000000000000000000000000000000000000000062
1022542123500018830940000316741000000                         00000002253001000000DM 00000000000000000000 01060910170014581017                    101017000000000294010400970010910170000250000000000000000000000000000000000000000000000000000000000000000000000000002940000000000000000000000000000000000000000000000000000010000000000000          0002361630010000000000000000000000000000000000000000000063
1022542123500018830940000316741000000                         00000001863601000000DM 00000000000000000000 01090910170030350417                    100417000000000349075630940010910170000000000000000000000000000000000000000000000000000000000000000000000000000000003490000000000000000000000000000000000000000000000000000010000000000000          0001014402069600000000000000000000000000000000000000000064
1022542123500018830940000316741000000                         00000001176901000000DM 00000000000000000000 01090910170017410417                    100417000000000294075630940010910170000000000000000000000000000000000000000000000000000000000000000000000000000000002940000000000000000000000000000000000000000000000000000010000000000000          0000580980162500000000000000000000000000000000000000000065
1022542123500018830940000316741000000                         00000002445501000000DM 00000000000000000000 01090910170006720417                    100417000000000294075630940010910170000000000000000000000000000000000000000000000000000000000000000000000000000000002940000000000000000000000000000000000000000000000000000010000000000000          0001612675069100000000000000000000000000000000000000000066
1022542123500018830940000316741000000                         00000002647301000000DM 00000000000000000000 01060910170029061017                    101017000000000349010400970010910170000250000000000000000000000000000000000000000000000000000000000000000000000000003490000000000000000000000000000000000000000000000000000010000000000000          0007331229087200000000000000000000000000000000000000000067
1022542123500018830940000316741000000                         00000001554401000000DM 00000000000000000000 01060910170028821017                    101017000000000349010400970010910170000250000000000000000000000000000000000000000000000000000000000000000000000000003490000000000000000000000000000000000000000000000000000010000000000000          0002486093060600000000000000000000000000000000000000000068
1022542123500018830940000316741000000                         00000000478001000000DM 00000000000000000000 01090910170007430417                    100417000000000294075630940010910170000000000000000000000000000000000000000000000000000000000000000000000000000000002940000000000000000000000000000000000000000000000000000010000000000000          0000653259166100000000000000000000000000000000000000000069
1022542123500018830940000316741000000                         00000000484401000000DM 00000000000000000000 01060910170007431017                    101017000000000294003334670010910170000250000000000000000000000000000000000000000000000000000000000000000000000000002940000000000000000000000000000000000000000000000000000010000000000000          0000653259166100000000000000000000000000000000000000000070
1022542123500018830940000316741000000                         00000000780001000000DM 00000000000000000000 01090910170010740417                    100417000000000349075630940010910170000000000000000000000000000000000000000000000000000000000000000000000000000000003490000000000000000000000000000000000000000000000000000010000000000000          0008537504769100000000000000000000000000000000000000000071
1022542123500018830940000316741000000                         00000001416201000000DM 00000000000000000000 01090910170023620417                    100417000000000294075630940010910170000000000000000000000000000000000000000000000000000000000000000000000000000000002940000000000000000000000000000000000000000000000000000010000000000000          0009217048054400000000000000000000000000000000000000000072
1022542123500018830940000316741000000                         00000002277701000000DM 00000000000000000000 01060910170014951017                    101017000000000294010400970010910170000250000000000000000000000000000000000000000000000000000000000000000000000000002940000000000000000000000000000000000000000000000000000010000000000000          0000136752462800000000000000000000000000000000000000000073
1022542123500018830940000316741000000                         00000000990801000000DM 00000000000000000000 01060910170024531017                    101017000000000349010400970010910170000250000000000000000000000000000000000000000000000000000000000000000000000000003490000000000000000000000000000000000000000000000000000010000000000000          0003607094764900000000000000000000000000000000000000000074
1022542123500018830940000316741000000                         00000001572701000000DM 00000000000000000000 01090910170028940417                    100417000000000349075630940010910170000000000000000000000000000000000000000000000000000000000000000000000000000000003490000000000000000000000000000000000000000000000000000010000000000000          0007004592561500000000000000000000000000000000000000000075
1022542123500018830940000316741000000                         00000002151401000000DM 00000000000000000000 01090910170026890417                    100417000000000349075630940010910170000000000000000000000000000000000000000000000000000000000000000000000000000000003490000000000000000000000000000000000000000000000000000010000000000000          0000027534863600000000000000000000000000000000000000000076
1022542123500018830940000316741000000                         00000002407501000000DM 00000000000000000000 01090910170015600417                    100417000000000294075630940010910170000000000000000000000000000000000000000000000000000000000000000000000000000000002940000000000000000000000000000000000000000000000000000010000000000000          0000477735789900000000000000000000000000000000000000000077
1022542123500018830940000316741000000                         00000001270701000000DM 00000000000000000000 01060910170025540917                    101017000000000319003334670010910170000250000000000000000000000000000000000000000000000000000000000000000000000000003190000000000000000000000000000000000000000000000000000010000000000000          0006612599561500000000000000000000000000000000000000000078
1022542123500018830940000316741000000                         00000000466101000000DM 00000000000000000000 01090910170007400417                    100417000000000294075630940010910170000000000000000000000000000000000000000000000000000000000000000000000000000000002940000000000000000000000000000000000000000000000000000010000000000000          0005051206417200000000000000000000000000000000000000000079
9027563094SICOOB CREDIARA          RUA MARIA RITA DE AGUIAR                          CENTRO                        38183236ARAXÁ                         MG101020170000007800000000113                                                                                                                                                                                                                    000080
