02RETORNO01COBRANÇA       30940000327964316741J REZENDE - ME                756 - BANCOOB S/A 2410170000172                                                                                                                                                                                                                                                                                               000001
1022542123500018830940000316741000000                         00000001809801000000DM 00000000000000000000 01061610170030291017                    101017000000000349075630940011610170000250000000000000000000000000000000000000000000000000000000000000000000000000003845000000000035500000000000000000000000000000000000000010000000000000          0001252081260500000000000000000000000000000000000000000002
9027563094SICOOB CREDIARA          RUA MARIA RITA DE AGUIAR                          CENTRO                        38183236ARAXÁ                         MG241020170000000100000000113                                                                                                                                                                                                                    000003
