02RETORNO01COBRANÇA       30940000327964316741J REZENDE - ME                756 - BANCOOB S/A 2410170000173                                                                                                                                                                                                                                                                                               000001
1022542123500018830940000316741000000                         00000001242001000000DM 00000000000000000000 01062010170022661017                    101017000000000349075630940012010170000250000000000000000000000000000000000000000000000000000000000000000000000000003959000000000046900000000000000000000000000000000000000010000000000000          0004170441060600000000000000000000000000000000000000000002
1022542123500018830940000316741000000                         00000000775301000000DM 00000000000000000000 01061910170010621117                    101117000000000294010400970011910170000250000000000000000000000000000000000000000000000000000000000000000000000000002940000000000000000000000000000000000000000000000000000010000000000000          0000055756263500000000000000000000000000000000000000000003
9027563094SICOOB CREDIARA          RUA MARIA RITA DE AGUIAR                          CENTRO                        38183236ARAXÁ                         MG241020170000000200000000113                                                                                                                                                                                                                    000004
