02RETORNO01COBRANÇA       30940000327964316741J REZENDE - ME                756 - BANCOOB S/A 1110170000170                                                                                                                                                                                                                                                                                               000001
1022542123500018830940000316741000000                         00000000654701000000DM 00000000000000000000 01061010170005931017                    101017000000000294010400970011010170000250000000000000000000000000000000000000000000000000000000000000000000000000002940000000000000000000000000000000000000000000000000000010000000000000          0003023575860400000000000000000000000000000000000000000002
1022542123500018830940000316741000000                         00000002724601000000DM 00000000000000000000 01061010171000070917                    101017000000000957034199260011010170000250000000000000000000000000000000000000000000000000000000000000000000000000009570000000000000000000000000000000000000000000000000000010000000000000          7097303700069600000000000000000000000000000000000000000003
1022542123500018830940000316741000000                         00000002727801000000DM 00000000000000000000 01061010171000150917                    101017000000000638034199260011010170000250000000000000000000000000000000000000000000000000000000000000000000000000006380000000000000000000000000000000000000000000000000000010000000000000          7097303700093900000000000000000000000000000000000000000004
1022542123500018830940000316741000000                         00000002737101000000DM 00000000000000000000 01061010171000240917                    101017000000001743003334670011010170000250000000000000000000000000000000000000000000000000000000000000000000000000017430000000000000000000000000000000000000000000000000000010000000000000          0488922000017900000000000000000000000000000000000000000005
1022542123500018830940000316741000000                         00000000606301000000DM 00000000000000000000 01061010170009011017                    101017000000000294075630940011010170000250000000000000000000000000000000000000000000000000000000000000000000000000002940000000000000000000000000000000000000000000000000000010000000000000          0009470166060400000000000000000000000000000000000000000006
1022542123500018830940000316741000000                         00000001170501000000DM 00000000000000000000 01061010170017341017                    101017000000000294010400970011010170000250000000000000000000000000000000000000000000000000000000000000000000000000002940000000000000000000000000000000000000000000000000000010000000000000          0006300667766800000000000000000000000000000000000000000007
1022542123500018830940000316741000000                         00000002725301000000DM 00000000000000000000 01061010171000100917                    101017000000000638034199260011010170000250000000000000000000000000000000000000000000000000000000000000000000000000006380000000000000000000000000000000000000000000000000000010000000000000          7097303700034300000000000000000000000000000000000000000008
1022542123500018830940000316741000000                         00000002734001000000DM 00000000000000000000 01061010171000120917                    101017000000001947034199260011010170000250000000000000000000000000000000000000000000000000000000000000000000000000019470000000000000000000000000000000000000000000000000000010000000000000          7097216100012200000000000000000000000000000000000000000009
1022542123500018830940000316741000000                         00000002229301000000DM 00000000000000000000 01061010170014431017                    101017000000000294010400970011010170000250000000000000000000000000000000000000000000000000000000000000000000000000002940000000000000000000000000000000000000000000000000000010000000000000          0000696140365400000000000000000000000000000000000000000010
1022542123500018830940000316741000000                         00000002731801000000DM 00000000000000000000 01061010171000140917                    101017000000000940063400190011010170000250000000000000000000000000000000000000000000000000000000000000000000000000009400000000000000000000000000000000000000000000000000000010000000000000          3874637600046500000000000000000000000000000000000000000011
1022542123500018830940000316741000000                         00000000255701000000DM 00000000000000000000 01061010170003721017                    101017000000000294003334670011010170000250000000000000000000000000000000000000000000000000000000000000000000000000002940000000000000000000000000000000000000000000000000000010000000000000          0000595338569200000000000000000000000000000000000000000012
1022542123500018830940000316741000000                         00000000388101000000DM 00000000000000000000 01061010170004731017                    101017000000000294010400970011010170000250000000000000000000000000000000000000000000000000000000000000000000000000002940000000000000000000000000000000000000000000000000000010000000000000          0004063987868700000000000000000000000000000000000000000013
1022542123500018830940000316741000000                         00000000520501000000DM 00000000000000000000 01061010170008391017                    101017000000000294010400970011010170000250000000000000000000000000000000000000000000000000000000000000000000000000002940000000000000000000000000000000000000000000000000000010000000000000          0004904386264900000000000000000000000000000000000000000014
1022542123500018830940000316741000000                         00000000894501000000DM 00000000000000000000 01061010170012201017                    101017000000000294003334670011010170000250000000000000000000000000000000000000000000000000000000000000000000000000002940000000000000000000000000000000000000000000000000000010000000000000          0005183755876000000000000000000000000000000000000000000015
1022542123500018830940000316741000000                         00000000678301000000DM 00000000000000000000 01061010170009451017                    101017000000000294010400970011010170000250000000000000000000000000000000000000000000000000000000000000000000000000002940000000000000000000000000000000000000000000000000000010000000000000          0009277825960000000000000000000000000000000000000000000016
1022542123500018830940000316741000000                         00000001410901000000DM 00000000000000000000 01061010170023391017                    101017000000000349010400970011010170000250000000000000000000000000000000000000000000000000000000000000000000000000003490000000000000000000000000000000000000000000000000000010000000000000          0003615945069700000000000000000000000000000000000000000017
1022542123500018830940000316741000000                         00000002738901000000DM 00000000000000000000 01061010171000080917                    101017000000003696063400190011010170000250000000000000000000000000000000000000000000000000000000000000000000000000036960000000000000000000000000000000000000000000000000000010000000000000          3874637600011200000000000000000000000000000000000000000018
1022542123500018830940000316741000000                         00000002736401000000DM 00000000000000000000 01061010171000210917                    101017000000000577523737930011010170000250000000000000000000000000000000000000000000000000000000000000000000000000005775000000000000000000000000000000000000000000000000000010000000000000          6522717500018100000000000000000000000000000000000000000019
1022542123500018830940000316741000000                         00000000182401000000DM 00000000000000000000 01061010170001521017                    101017000000000294010400970011010170000250000000000000000000000000000000000000000000000000000000000000000000000000002940000000000000000000000000000000000000000000000000000010000000000000          0000719132169500000000000000000000000000000000000000000020
1022542123500018830940000316741000000                         00000000412401000000DM 00000000000000000000 01061010170006791017                    101017000000000349013658110011010170000250000000000000000000000000000000000000000000000000000000000000000000000000003490000000000000000000000000000000000000000000000000000010000000000000          0003619380163400000000000000000000000000000000000000000021
1022542123500018830940000316741000000                         00000002325601000000DM 00000000000000000000 01061010170004271017                    101017000000000294010400970011010170000250000000000000000000000000000000000000000000000000000000000000000000000000002940000000000000000000000000000000000000000000000000000010000000000000          0000329979965700000000000000000000000000000000000000000022
1022542123500018830940000316741000000                         00000000906901000000DM 00000000000000000000 01061010170012281017                    101017000000000349010400970011010170000250000000000000000000000000000000000000000000000000000000000000000000000000003490000000000000000000000000000000000000000000000000000010000000000000          0000488266564600000000000000000000000000000000000000000023
1022542123500018830940000316741000000                         00000002097001000000DM 00000000000000000000 01061010170026651017                    101017000000000349034109440011010170000250000000000000000000000000000000000000000000000000000000000000000000000000003490000000000000000000000000000000000000000000000000000010000000000000          0000694769266000000000000000000000000000000000000000000024
1022542123500018830940000316741000000                         00000000846101000000DM 00000000000000000000 01061010170011391017                    101017000000000294010400970011010170000250000000000000000000000000000000000000000000000000000000000000000000000000002940000000000000000000000000000000000000000000000000000010000000000000          0009651106069100000000000000000000000000000000000000000025
1022542123500018830940000316741000000                         00000001770601000000DM 00000000000000000000 01061010170030111017                    101017000000000349075630940011010170000250000000000000000000000000000000000000000000000000000000000000000000000000003490000000000000000000000000000000000000000000000000000010000000000000          0001104048469700000000000000000000000000000000000000000026
1022542123500018830940000316741000000                         00000002217501000000DM 00000000000000000000 01061010170014421017                    101017000000000294010400970011010170000250000000000000000000000000000000000000000000000000000000000000000000000000002940000000000000000000000000000000000000000000000000000010000000000000          0000534757766500000000000000000000000000000000000000000027
1022542123500018830940000316741000000                         00000001590001000000DM 00000000000000000000 01061010170028971017                    101017000000000349010400970011010170000250000000000000000000000000000000000000000000000000000000000000000000000000003490000000000000000000000000000000000000000000000000000010000000000000          0005968516666800000000000000000000000000000000000000000028
1022542123500018830940000316741000000                         00000001638801000000DM 00000000000000000000 01061010170029221017                    101017000000000349000102100011010170000250000000000000000000000000000000000000000000000000000000000000000000000000003490000000000000000000000000000000000000000000000000000010000000000000          0005554795862000000000000000000000000000000000000000000029
1022542123500018830940000316741000000                         00000002732501000000DM 00000000000000000000 01061010171000110917                    101017000000000987063400190011010170000250000000000000000000000000000000000000000000000000000000000000000000000000009870000000000000000000000000000000000000000000000000000010000000000000          3874637600038400000000000000000000000000000000000000000030
9027563094SICOOB CREDIARA          RUA MARIA RITA DE AGUIAR                          CENTRO                        38183236ARAXÁ                         MG111020170000002900000000113                                                                                                                                                                                                                    000031
