02RETORNO01COBRANÇA       30940000327964316741J REZENDE - ME                756 - BANCOOB S/A 1310170000171                                                                                                                                                                                                                                                                                               000001
1022542123500018830940000316741000000                         00000001782401000000DM 00000000000000000000 01061110170030141017                    261017000000000349010400970011110170000250000000000000000000000000000000000000000000000000000000000000000000000000003490000000000000000000000000000000000000000000000000000010000000000000          0000506908968400000000000000000000000000000000000000000002
9027563094SICOOB CREDIARA          RUA MARIA RITA DE AGUIAR                          CENTRO                        38183236ARAXÁ                         MG131020170000000100000000113                                                                                                                                                                                                                    000003
