02RETORNO01COBRANÇA       30940000327964316741J REZENDE - ME                756 - BANCOOB S/A 0910170000167                                                                                                                                                                                                                                                                                               000001
1022542123500018830940000316741000000                         00000000159401000000DM 00000000000000000000 01060510170000731017                    101017000000000294010400970010510170000250000000000000000000000000000000000000000000000000000000000000000000000000002940000000000000000000000000000000000000000000000000000010000000000000          0000243026943000000000000000000000000000000000000000000002
1022542123500018830940000316741000000                         00000000762801000000DM 00000000000000000000 01060610170010461017                    101017000000000294010400970010610170000250000000000000000000000000000000000000000000000000000000000000000000000000002940000000000000000000000000000000000000000000000000000010000000000000          0000013014064300000000000000000000000000000000000000000003
1022542123500018830940000316741000000                         00000000798201000000DM 00000000000000000000 01060510170010921017                    101017000000000294010400970010510170000250000000000000000000000000000000000000000000000000000000000000000000000000002940000000000000000000000000000000000000000000000000000010000000000000          0007570230469100000000000000000000000000000000000000000004
1022542123500018830940000316741000000                         00000000376301000000DM 00000000000000000000 01060510170004351017                    101017000000000294034109440010510170000250000000000000000000000000000000000000000000000000000000000000000000000000002940000000000000000000000000000000000000000000000000000010000000000000          0001514063611500000000000000000000000000000000000000000005
1022542123500018830940000316741000000                         00000000448901000000DM 00000000000000000000 01060410170007201017                    101017000000000294010400970010410170000250000000000000000000000000000000000000000000000000000000000000000000000000002940000000000000000000000000000000000000000000000000000010000000000000          0003609756063000000000000000000000000000000000000000000006
1022542123500018830940000316741000000                         00000001110301000000DM 00000000000000000000 01060610170015981017                    101017000000000294010400970010610170000250000000000000000000000000000000000000000000000000000000000000000000000000002940000000000000000000000000000000000000000000000000000010000000000000          0007886934067800000000000000000000000000000000000000000007
1022542123500018830940000316741000000                         00000001698001000000DM 00000000000000000000 01060610170029701017                    101017000000000349010400970010610170000250000000000000000000000000000000000000000000000000000000000000000000000000003490000000000000000000000000000000000000000000000000000010000000000000          0000214486281800000000000000000000000000000000000000000008
1022542123500018830940000316741000000                         00000001734001000000DM 00000000000000000000 01060510170029771017                    101017000000000349034199260010510170000250000000000000000000000000000000000000000000000000000000000000000000000000003490000000000000000000000000000000000000000000000000000010000000000000          0006219557360000000000000000000000000000000000000000000009
1022542123500018830940000316741000000                         00000002241201000000DM 00000000000000000000 01060610170014481017                    101017000000000294010400970010610170000250000000000000000000000000000000000000000000000000000000000000000000000000002940000000000000000000000000000000000000000000000000000010000000000000          0005227926069700000000000000000000000000000000000000000010
1022542123500018830940000316741000000                         00000001098901000000DM 00000000000000000000 01060610170015841017                    101017000000000294010400970010610170000250000000000000000000000000000000000000000000000000000000000000000000000000002940000000000000000000000000000000000000000000000000000010000000000000          0006872201061000000000000000000000000000000000000000000011
1022542123500018830940000316741000000                         00000001542601000000DM 00000000000000000000 01060510170028811017                    101017000000000349034199260010510170000250000000000000000000000000000000000000000000000000000000000000000000000000003490000000000000000000000000000000000000000000000000000010000000000000          0002729612165300000000000000000000000000000000000000000012
1022542123500018830940000316741000000                         00000000195001000000DM 00000000000000000000 01060610170002471017                    101017000000000294010400970010610170000250000000000000000000000000000000000000000000000000000000000000000000000000002940000000000000000000000000000000000000000000000000000010000000000000          0000356167569700000000000000000000000000000000000000000013
1022542123500018830940000316741000000                         00000002109401000000DM 00000000000000000000 01060410170026711017                    101017000000000349010400970010410170000250000000000000000000000000000000000000000000000000000000000000000000000000003490000000000000000000000000000000000000000000000000000010000000000000          0005764341515300000000000000000000000000000000000000000014
1022542123500018830940000316741000000                         00000002193301000000DM 00000000000000000000 01060510170027131017                    101017000000000349010400970010510170000250000000000000000000000000000000000000000000000000000000000000000000000000003490000000000000000000000000000000000000000000000000000010000000000000          0009652261564900000000000000000000000000000000000000000015
1022542123500018830940000316741000000                         00000001566201000000DM 00000000000000000000 01060610170028891017                    101017000000000349010400970010610170000250000000000000000000000000000000000000000000000000000000000000000000000000003490000000000000000000000000000000000000000000000000000010000000000000          0000564891363000000000000000000000000000000000000000000016
1022542123500018830940000316741000000                         00000000930601000000DM 00000000000000000000 01060410170013271017                    101017000000000294010400970010410170000250000000000000000000000000000000000000000000000000000000000000000000000000002940000000000000000000000000000000000000000000000000000010000000000000          0005974586069700000000000000000000000000000000000000000017
1022542123500018830940000316741000000                         00000001626001000000DM 00000000000000000000 01060610170029161017                    101017000000000349010400970010610170000250000000000000000000000000000000000000000000000000000000000000000000000000003490000000000000000000000000000000000000000000000000000010000000000000          0001248442318700000000000000000000000000000000000000000018
1022542123500018830940000316741000000                         00000000147601000000DM 00000000000000000000 01060610170000411017                    101017000000000294010400970010610170000250000000000000000000000000000000000000000000000000000000000000000000000000002940000000000000000000000000000000000000000000000000000010000000000000          0000565324365500000000000000000000000000000000000000000019
1022542123500018830940000316741000000                         00000000666501000000DM 00000000000000000000 01060510170006481017                    101017000000000349010400970010510170000250000000000000000000000000000000000000000000000000000000000000000000000000003490000000000000000000000000000000000000000000000000000010000000000000          0001612677762000000000000000000000000000000000000000000020
1022542123500018830940000316741000000                         00000002145001000000DM 00000000000000000000 01060510170026861017                    101017000000000349010400970010510170000250000000000000000000000000000000000000000000000000000000000000000000000000003490000000000000000000000000000000000000000000000000000010000000000000          0003407094060000000000000000000000000000000000000000000021
1022542123500018830940000316741000000                         00000001602301000000DM 00000000000000000000 01060610170029011017                    101017000000000349010400970010610170000250000000000000000000000000000000000000000000000000000000000000000000000000003490000000000000000000000000000000000000000000000000000010000000000000          0002483652468700000000000000000000000000000000000000000022
1022542123500018830940000316741000000                         00000000558401000000DM 00000000000000000000 01060410170008411017                    101017000000000294010400970010410170000250000000000000000000000000000000000000000000000000000000000000000000000000002940000000000000000000000000000000000000000000000000000010000000000000          0004459589168700000000000000000000000000000000000000000023
1022542123500018830940000316741000000                         00000001881901000000DM 00000000000000000000 01060410170025271017                    101017000000000349010400970010410170000250000000000000000000000000000000000000000000000000000000000000000000000000003490000000000000000000000000000000000000000000000000000010000000000000          0000677178867900000000000000000000000000000000000000000024
1022542123500018830940000316741000000                         00000001206501000000DM 00000000000000000000 01060410170017751017                    101017000000000294010400970010410170000250000000000000000000000000000000000000000000000000000000000000000000000000002940000000000000000000000000000000000000000000000000000010000000000000          0002729843469100000000000000000000000000000000000000000025
1022542123500018830940000316741000000                         00000001674301000000DM 00000000000000000000 01060610170029631017                    101017000000000349010400970010610170000250000000000000000000000000000000000000000000000000000000000000000000000000003490000000000000000000000000000000000000000000000000000010000000000000          0000559499965500000000000000000000000000000000000000000026
9027563094SICOOB CREDIARA          RUA MARIA RITA DE AGUIAR                          CENTRO                        38183236ARAXÁ                         MG091020170000002500000000113                                                                                                                                                                                                                    000027
