02RETORNO01COBRANÇA       30940000327964316741J REZENDE - ME                756 - BANCOOB S/A 0310170000166                                                                                                                                                                                                                                                                                               000001
1022542123500018830940000316741000000                         00000001146801000000DM 00000000000000000000 01060210170017121017                    101017000000000294010400970010210170000250000000000000000000000000000000000000000000000000000000000000000000000000002940000000000000000000000000000000000000000000000000000010000000000000          0006761282268700000000000000000000000000000000000000000002
1022542123500018830940000316741000000                         00000001159301000000DM 00000000000000000000 01060210170017221117                    101117000000000294010400970010210170000250000000000000000000000000000000000000000000000000000000000000000000000000002940000000000000000000000000000000000000000000000000000010000000000000          0000326379860000000000000000000000000000000000000000000003
1022542123500018830940000316741000000                         00000001857101000000DM 00000000000000000000 01060210170030331017                    101017000000000349010400970010210170000250000000000000000000000000000000000000000000000000000000000000000000000000003490000000000000000000000000000000000000000000000000000010000000000000          0008285259668700000000000000000000000000000000000000000004
1022542123500018830940000316741000000                         00000000859701000000DM 00000000000000000000 01062909170011611117                    101117000000000294010400970012909170000250000000000000000000000000000000000000000000000000000000000000000000000000002940000000000000000000000000000000000000000000000000000010000000000000          0004342743060000000000000000000000000000000000000000000005
1022542123500018830940000316741000000                         00000002049701000000DM 00000000000000000000 01060210170026051017                    101017000000000349075630940010210170000250000000000000000000000000000000000000000000000000000000000000000000000000003490000000000000000000000000000000000000000000000000000010000000000000          0000258153466400000000000000000000000000000000000000000006
1022542123500018830940000316741000000                         00000000750001000000DM 00000000000000000000 01062909170010211017                    101017000000000294010400970012909170000250000000000000000000000000000000000000000000000000000000000000000000000000002940000000000000000000000000000000000000000000000000000010000000000000          0007187518269100000000000000000000000000000000000000000007
1022542123500018830940000316741000000                         00000002048001000000DM 00000000000000000000 01060210170026050917                    100917000000000349075630940010210170000250000000000000000000000000000000000000000000000000000000000000000000000000003495000000000000500000000000000000000000000000000000000010000000000000          0000258153466400000000000000000000000000000000000000000008
1022542123500018830940000316741000000                         00000001086001000000DM 00000000000000000000 01062909170015741017                    101017000000000294010400970012909170000250000000000000000000000000000000000000000000000000000000000000000000000000002940000000000000000000000000000000000000000000000000000010000000000000          0003615826760000000000000000000000000000000000000000000009
1022542123500018830940000316741000000                         00000001916101000000DM 00000000000000000000 01060210170025190917                    100917000000000349010407080010210170000250000000000000000000000000000000000000000000000000000000000000000000000000003495000000000000500000000000000000000000000000000000000010000000000000          0008540006863400000000000000000000000000000000000000000010
1022542123500018830940000316741000000                         00000000978901000000DM 00000000000000000000 01060210170024351017                    101017000000000294010400970010210170000250000000000000000000000000000000000000000000000000000000000000000000000000002940000000000000000000000000000000000000000000000000000010000000000000          0008566563069100000000000000000000000000000000000000000011
9027563094SICOOB CREDIARA          RUA MARIA RITA DE AGUIAR                          CENTRO                        38183236ARAXÁ                         MG031020170000001000000000113                                                                                                                                                                                                                    000012
