02RETORNO01COBRANÇA       30940000327964316741J REZENDE                     756 - BANCOOB S/A 2407190000338                                                                                                                                                                                                                                                                                               000001
1022542123500018830940000316741000000                         00000003560701000000DM 00000000000000000000 01091006190022691218                    101218000000000374075630940011006190000100000000000000000000000000000000000000000000000000000000000000000000000000003740000000000000000000000000000000000000000000000000000010000000000000          0006307307269100000000000000000000000000000000000000000002
1022542123500018830940000316741000000                         00000003793301000000DM 00000000000000000000 01091006190029771218                    101218000000000374075630940011006190000100000000000000000000000000000000000000000000000000000000000000000000000000003740000000000000000000000000000000000000000000000000000010000000000000          0006219557360000000000000000000000000000000000000000000003
1022542123500018830940000316741000000                         00000003829301000000DM 00000000000000000000 01091006190030111218                    101218000000000374075630940011006190000100000000000000000000000000000000000000000000000000000000000000000000000000003740000000000000000000000000000000000000000000000000000010000000000000          0001104048469700000000000000000000000000000000000000000004
1022542123500018830940000316741000000                         00000003901001000000DM 00000000000000000000 01091006190025421218                    101218000000000374075630940011006190000100000000000000000000000000000000000000000000000000000000000000000000000000003740000000000000000000000000000000000000000000000000000010000000000000          0002891803760000000000000000000000000000000000000000000005
1022542123500018830940000316741000000                         00000003913801000000DM 00000000000000000000 01091006190025531218                    101218000000000374075630940011006190000100000000000000000000000000000000000000000000000000000000000000000000000000003740000000000000000000000000000000000000000000000000000010000000000000          0000588234869200000000000000000000000000000000000000000006
1022542123500018830940000316741000000                         00000003949201000000DM 00000000000000000000 01091006190026061218                    101218000000000374075630940011006190000100000000000000000000000000000000000000000000000000000000000000000000000000003740000000000000000000000000000000000000000000000000000010000000000000          0004341197568700000000000000000000000000000000000000000007
1022542123500018830940000316741000000                         00000004045601000000DM 00000000000000000000 01091006190014421218                    101218000000000324075630940011006190000100000000000000000000000000000000000000000000000000000000000000000000000000003240000000000000000000000000000000000000000000000000000010000000000000          0000534757766500000000000000000000000000000000000000000008
1022542123500018830940000316741000000                         00000004564501000000DM 00000000000000000000 01091006190016381218                    101218000000000324075630940011006190000100000000000000000000000000000000000000000000000000000000000000000000000000003240000000000000000000000000000000000000000000000000000010000000000000          0004897108160000000000000000000000000000000000000000000009
1022542123500018830940000316741000000                         00000004769501000000DM 00000000000000000000 01061006190004270619                    100619000000000324010400970011006190000250000000000000000000000000000000000000000000000000000000000000000000000000003240000000000000000000000000000000000000000000000000000010000000000000          0000329979965700000000000000000000000000000000000000000010
1022542123500018830940000316741000000                         00000003417801000000DM 00000000000000000000 01091006190025831218                    101218000000000374075630940011006190000100000000000000000000000000000000000000000000000000000000000000000000000000003740000000000000000000000000000000000000000000000000000010000000000000          0000512870969800000000000000000000000000000000000000000011
1022542123500018830940000316741000000                         00000003489801000000DM 00000000000000000000 01091006190017121218                    101218000000000324075630940011006190000100000000000000000000000000000000000000000000000000000000000000000000000000003240000000000000000000000000000000000000000000000000000010000000000000          0006761282268700000000000000000000000000000000000000000012
1022542123500018830940000316741000000                         00000003536001000000DM 00000000000000000000 01091006190022631218                    101218000000000324075630940011006190000100000000000000000000000000000000000000000000000000000000000000000000000000003240000000000000000000000000000000000000000000000000000010000000000000          0002485828563400000000000000000000000000000000000000000013
1022542123500018830940000316741000000                         00000003680601000000DM 00000000000000000000 01091006190028891218                    101218000000000374075630940011006190000100000000000000000000000000000000000000000000000000000000000000000000000000003740000000000000000000000000000000000000000000000000000010000000000000          0000564891363000000000000000000000000000000000000000000014
1022542123500018830940000316741000000                         00000003716601000000DM 00000000000000000000 01091006190029161218                    101218000000000374075630940011006190000100000000000000000000000000000000000000000000000000000000000000000000000000003740000000000000000000000000000000000000000000000000000010000000000000          0001248442318700000000000000000000000000000000000000000015
1022542123500018830940000316741000000                         00000003973001000000DM 00000000000000000000 01091006190026711218                    101218000000000374075630940011006190000100000000000000000000000000000000000000000000000000000000000000000000000000003740000000000000000000000000000000000000000000000000000010000000000000          0005764341515300000000000000000000000000000000000000000016
1022542123500018830940000316741000000                         00000002885701000000DM 00000000000000000000 01091006190004231218                    101218000000000324075630940011006190000100000000000000000000000000000000000000000000000000000000000000000000000000003240000000000000000000000000000000000000000000000000000010000000000000          0005724833867200000000000000000000000000000000000000000017
1022542123500018830940000316741000000                         00000002949301000000DM 00000000000000000000 01091006190004601218                    101218000000000324075630940011006190000100000000000000000000000000000000000000000000000000000000000000000000000000003240000000000000000000000000000000000000000000000000000010000000000000          0004085395076800000000000000000000000000000000000000000018
1022542123500018830940000316741000000                         00000003009101000000DM 00000000000000000000 01091006190007201218                    101218000000000324075630940011006190000100000000000000000000000000000000000000000000000000000000000000000000000000003240000000000000000000000000000000000000000000000000000010000000000000          0003609756063000000000000000000000000000000000000000000019
1022542123500018830940000316741000000                         00000003021001000000DM 00000000000000000000 01091006190007431218                    101218000000000324075630940011006190000100000000000000000000000000000000000000000000000000000000000000000000000000003240000000000000000000000000000000000000000000000000000010000000000000          0000653259166100000000000000000000000000000000000000000020
1022542123500018830940000316741000000                         00000005726801000000DM 00000000000000000000 01061006190030690619                    100619000000000374075630940011006190000250000000000000000000000000000000000000000000000000000000000000000000000000003740000000000000000000000000000000000000000000000000000010000000000000          0006037461660400000000000000000000000000000000000000000021
1022542123500018830940000316741000000                         00000005708501000000DM 00000000000000000000 01091006191000181118                    101218000000003213075630940011006190000100000000000000000000000000000000000000000000000000000000000000000000000000032130000000000000000000000000000000000000000000000000000010000000000000          1823706600016500000000000000000000000000000000000000000022
1022542123500018830940000316741000000                         00000004937301000000DM 00000000000000000000 01061006190008470619                    100619000000000374034184810011006190000250000000000000000000000000000000000000000000000000000000000000000000000000003740000000000000000000000000000000000000000000000000000010000000000000          0000150671660100000000000000000000000000000000000000000023
1022542123500018830940000316741000000                         00000005178001000000DM 00000000000000000000 01061006190014700619                    100619000000000324010400970011006190000250000000000000000000000000000000000000000000000000000000000000000000000000003240000000000000000000000000000000000000000000000000000010000000000000          0008318973461500000000000000000000000000000000000000000024
1022542123500018830940000316741000000                         00000003273701000000DM 00000000000000000000 01091006190011391218                    101218000000000324075630940011006190000100000000000000000000000000000000000000000000000000000000000000000000000000003240000000000000000000000000000000000000000000000000000010000000000000          0009651106069100000000000000000000000000000000000000000025
1022542123500018830940000316741000000                         00000003572501000000DM 00000000000000000000 01091006190022821218                    101218000000000324075630940011006190000100000000000000000000000000000000000000000000000000000000000000000000000000003240000000000000000000000000000000000000000000000000000010000000000000          0007188059365300000000000000000000000000000000000000000026
1022542123500018830940000316741000000                         00000003853001000000DM 00000000000000000000 01091006190030291218                    101218000000000374075630940011006190000100000000000000000000000000000000000000000000000000000000000000000000000000003740000000000000000000000000000000000000000000000000000010000000000000          0001252081260500000000000000000000000000000000000000000027
1022542123500018830940000316741000000                         00000003997601000000DM 00000000000000000000 01091006190026751218                    101218000000000374075630940011006190000100000000000000000000000000000000000000000000000000000000000000000000000000003740000000000000000000000000000000000000000000000000000010000000000000          0001130201368800000000000000000000000000000000000000000028
1022542123500018830940000316741000000                         00000004057401000000DM 00000000000000000000 01091006190014431218                    101218000000000324075630940011006190000100000000000000000000000000000000000000000000000000000000000000000000000000003240000000000000000000000000000000000000000000000000000010000000000000          0000696140365400000000000000000000000000000000000000000029
1022542123500018830940000316741000000                         00000003081201000000DM 00000000000000000000 01091006190008471218                    101218000000000374075630940011006190000100000000000000000000000000000000000000000000000000000000000000000000000000003740000000000000000000000000000000000000000000000000000010000000000000          0000150671660100000000000000000000000000000000000000000030
1022542123500018830940000316741000000                         00000003141001000000DM 00000000000000000000 01091006190005451218                    101218000000000324075630940011006190000100000000000000000000000000000000000000000000000000000000000000000000000000003240000000000000000000000000000000000000000000000000000010000000000000          0003013578866800000000000000000000000000000000000000000031
1022542123500018830940000316741000000                         00000003189201000000DM 00000000000000000000 01091006190009451218                    101218000000000324075630940011006190000100000000000000000000000000000000000000000000000000000000000000000000000000003240000000000000000000000000000000000000000000000000000010000000000000          0009277825960000000000000000000000000000000000000000000032
1022542123500018830940000316741000000                         00000004576301000000DM 00000000000000000000 01091006190026041218                    101218000000000374075630940011006190000100000000000000000000000000000000000000000000000000000000000000000000000000003740000000000000000000000000000000000000000000000000000010000000000000          0007148771960400000000000000000000000000000000000000000033
1022542123500018830940000316741000000                         00000004829201000000DM 00000000000000000000 01061006190005190619                    100619000000000324010400970011006190000250000000000000000000000000000000000000000000000000000000000000000000000000003240000000000000000000000000000000000000000000000000000010000000000000          0007188477760000000000000000000000000000000000000000000034
1022542123500018830940000316741000000                         00000005682901000000DM 00000000000000000000 01061006190030330619                    100619000000000374010400970011006190000250000000000000000000000000000000000000000000000000000000000000000000000000003740000000000000000000000000000000000000000000000000000010000000000000          0008285259668700000000000000000000000000000000000000000035
1022542123500018830940000316741000000                         00000003357001000000DM 00000000000000000000 01091006190024351218                    101218000000000324075630940011006190000100000000000000000000000000000000000000000000000000000000000000000000000000003240000000000000000000000000000000000000000000000000000010000000000000          0008566563069100000000000000000000000000000000000000000036
1022542123500018830940000316741000000                         00000003393601000000DM 00000000000000000000 01091006190024731218                    101218000000000374075630940011006190000100000000000000000000000000000000000000000000000000000000000000000000000000003740000000000000000000000000000000000000000000000000000010000000000000          0001603579869100000000000000000000000000000000000000000037
1022542123500018830940000316741000000                         00000003692401000000DM 00000000000000000000 01091006190028971218                    101218000000000374075630940011006190000100000000000000000000000000000000000000000000000000000000000000000000000000003740000000000000000000000000000000000000000000000000000010000000000000          0005968516666800000000000000000000000000000000000000000038
1022542123500018830940000316741000000                         00000003740301000000DM 00000000000000000000 01091006190029631218                    101218000000000374075630940011006190000100000000000000000000000000000000000000000000000000000000000000000000000000003740000000000000000000000000000000000000000000000000000010000000000000          0000559499965500000000000000000000000000000000000000000039
1022542123500018830940000316741000000                         00000002789401000000DM 00000000000000000000 01091006190001521218                    101218000000000324075630940011006190000100000000000000000000000000000000000000000000000000000000000000000000000000003240000000000000000000000000000000000000000000000000000010000000000000          0000719132169500000000000000000000000000000000000000000040
1022542123500018830940000316741000000                         00000002937501000000DM 00000000000000000000 01091006190001271218                    101218000000000324075630940011006190000100000000000000000000000000000000000000000000000000000000000000000000000000003240000000000000000000000000000000000000000000000000000010000000000000          0000557190363500000000000000000000000000000000000000000041
1022542123500018830940000316741000000                         00000004381701000000DM 00000000000000000000 01091006190030411218                    101218000000000374075630940011006190000100000000000000000000000000000000000000000000000000000000000000000000000000003740000000000000000000000000000000000000000000000000000010000000000000          0006919796260000000000000000000000000000000000000000000042
1022542123500018830940000316741000000                         00000004961001000000DM 00000000000000000000 01061006190009010619                    100619000000000324010400970011006190000250000000000000000000000000000000000000000000000000000000000000000000000000003240000000000000000000000000000000000000000000000000000010000000000000          0009470166060400000000000000000000000000000000000000000043
1022542123500018830940000316741000000                         00000005045501000000DM 00000000000000000000 01061006190010920619                    100619000000000324010400970011006190000250000000000000000000000000000000000000000000000000000000000000000000000000003240000000000000000000000000000000000000000000000000000010000000000000          0007570230469100000000000000000000000000000000000000000044
1022542123500018830940000316741000000                         00000003453301000000DM 00000000000000000000 01091006190015841218                    101218000000000324075630940011006190000100000000000000000000000000000000000000000000000000000000000000000000000000003240000000000000000000000000000000000000000000000000000010000000000000          0006872201061000000000000000000000000000000000000000000045
1022542123500018830940000316741000000                         00000003525901000000DM 00000000000000000000 01091006190017751218                    101218000000000324075630940011006190000100000000000000000000000000000000000000000000000000000000000000000000000000003240000000000000000000000000000000000000000000000000000010000000000000          0002729843469100000000000000000000000000000000000000000046
1022542123500018830940000316741000000                         00000002997701000000DM 00000000000000000000 01091006190006791218                    101218000000000374075630940011006190000100000000000000000000000000000000000000000000000000000000000000000000000000003740000000000000000000000000000000000000000000000000000010000000000000          0003619380163400000000000000000000000000000000000000000047
1022542123500018830940000316741000000                         00000004189101000000DM 00000000000000000000 01091006190026731218                    101218000000000374075630940011006190000100000000000000000000000000000000000000000000000000000000000000000000000000003740000000000000000000000000000000000000000000000000000010000000000000          0000945536569300000000000000000000000000000000000000000048
1022542123500018830940000316741000000                         00000004237001000000DM 00000000000000000000 01091006190030461218                    101218000000000374075630940011006190000100000000000000000000000000000000000000000000000000000000000000000000000000003740000000000000000000000000000000000000000000000000000010000000000000          0000149822561600000000000000000000000000000000000000000049
1022542123500018830940000316741000000                         00000004393501000000DM 00000000000000000000 01091006190030441218                    101218000000000374075630940011006190000100000000000000000000000000000000000000000000000000000000000000000000000000003740000000000000000000000000000000000000000000000000000010000000000000          0000119164868000000000000000000000000000000000000000000050
1022542123500018830940000316741000000                         00000004472201000000DM 00000000000000000000 01091006190030671218                    101218000000000374075630940011006190000100000000000000000000000000000000000000000000000000000000000000000000000000003740000000000000000000000000000000000000000000000000000010000000000000          0004937862766800000000000000000000000000000000000000000051
1022542123500018830940000316741000000                         00000004529701000000DM 00000000000000000000 01091006190025541218                    101218000000000349075630940011006190000100000000000000000000000000000000000000000000000000000000000000000000000000003490000000000000000000000000000000000000000000000000000010000000000000          0006612599561500000000000000000000000000000000000000000052
1022542123500018830940000316741000000                         00000005466701000000DM 00000000000000000000 01061006190026650619                    100619000000000374034109440011006190000250000000000000000000000000000000000000000000000000000000000000000000000000003740000000000000000000000000000000000000000000000000000010000000000000          0000694769266000000000000000000000000000000000000000000053
1022542123500018830940000316741000000                         00000003513001000000DM 00000000000000000000 01091006190017341218                    101218000000000324075630940011006190000100000000000000000000000000000000000000000000000000000000000000000000000000003240000000000000000000000000000000000000000000000000000010000000000000          0006300667766800000000000000000000000000000000000000000054
1022542123500018830940000316741000000                         00000003805701000000DM 00000000000000000000 01091006190030641218                    101218000000000374075630940011006190000100000000000000000000000000000000000000000000000000000000000000000000000000003740000000000000000000000000000000000000000000000000000010000000000000          0000507097947700000000000000000000000000000000000000000055
1022542123500018830940000316741000000                         00000002985901000000DM 00000000000000000000 01091006190004731218                    101218000000000324075630940011006190000100000000000000000000000000000000000000000000000000000000000000000000000000003240000000000000000000000000000000000000000000000000000010000000000000          0004063987868700000000000000000000000000000000000000000056
1022542123500018830940000316741000000                         00000004285401000000DM 00000000000000000000 01091006190030621218                    101218000000000374075630940011006190000100000000000000000000000000000000000000000000000000000000000000000000000000003740000000000000000000000000000000000000000000000000000010000000000000          0001347627260500000000000000000000000000000000000000000057
1022542123500018830940000316741000000                         00000004745901000000DM 00000000000000000000 01061006190004160619                    100619000000000324034109440011006190000250000000000000000000000000000000000000000000000000000000000000000000000000003240000000000000000000000000000000000000000000000000000010000000000000          0009147587261500000000000000000000000000000000000000000058
1022542123500018830940000316741000000                         00000005370501000000DM 00000000000000000000 01061006190023970619                    100619000000000374010400970011006190000250000000000000000000000000000000000000000000000000000000000000000000000000003740000000000000000000000000000000000000000000000000000010000000000000          0007188737762000000000000000000000000000000000000000000059
1022542123500018830940000316741000000                         00000004673301000000DM 00000000000000000000 01061006190001140619                    100619000000000324010400970011006190000250000000000000000000000000000000000000000000000000000000000000000000000000003240000000000000000000000000000000000000000000000000000010000000000000          0004897155363400000000000000000000000000000000000000000060
1022542123500018830940000316741000000                         00000004212701000000DM 00000000000000000000 01091006190030431218                    101218000000000374075630940011006190000100000000000000000000000000000000000000000000000000000000000000000000000000003740000000000000000000000000000000000000000000000000000010000000000000          0000394635469600000000000000000000000000000000000000000061
1022542123500018830940000316741000000                         00000004458901000000DM 00000000000000000000 01091006190017951218                    101218000000000324075630940011006190000100000000000000000000000000000000000000000000000000000000000000000000000000003240000000000000000000000000000000000000000000000000000010000000000000          0000027258068600000000000000000000000000000000000000000062
1022542123500018830940000316741000000                         00000004483301000000DM 00000000000000000000 01091006190030661218                    101218000000000324075630940011006190000100000000000000000000000000000000000000000000000000000000000000000000000000003240000000000000000000000000000000000000000000000000000010000000000000          0000927428865400000000000000000000000000000000000000000063
1022542123500018830940000316741000000                         00000004685101000000DM 00000000000000000000 01061006190002360619                    100619000000000374010400970011006190000250000000000000000000000000000000000000000000000000000000000000000000000000003740000000000000000000000000000000000000000000000000000010000000000000          0000569370264200000000000000000000000000000000000000000064
1022542123500018830940000316741000000                         00000005538201000000DM 00000000000000000000 01061006190027500619                    100619000000000374010400970011006190000250000000000000000000000000000000000000000000000000000000000000000000000000003740000000000000000000000000000000000000000000000000000010000000000000          0000282899960200000000000000000000000000000000000000000065
1022542123500018830940000316741000000                         00000005550101000000DM 00000000000000000000 01061006190028150619                    100619000000000374010400970011006190000250000000000000000000000000000000000000000000000000000000000000000000000000003740000000000000000000000000000000000000000000000000000010000000000000          0001026372666500000000000000000000000000000000000000000066
1022542123500018830940000316741000000                         00000003285501000000DM 00000000000000000000 01091006190012201218                    101218000000000324075630940011006190000100000000000000000000000000000000000000000000000000000000000000000000000000003240000000000000000000000000000000000000000000000000000010000000000000          0005183755876000000000000000000000000000000000000000000067
1022542123500018830940000316741000000                         00000003584301000000DM 00000000000000000000 01091006190023041218                    101218000000000374075630940011006190000100000000000000000000000000000000000000000000000000000000000000000000000000003740000000000000000000000000000000000000000000000000000010000000000000          0004225353567200000000000000000000000000000000000000000068
1022542123500018830940000316741000000                         00000003632201000000DM 00000000000000000000 01091006190027571218                    101218000000000374075630940011006190000100000000000000000000000000000000000000000000000000000000000000000000000000003740000000000000000000000000000000000000000000000000000010000000000000          0000699499364700000000000000000000000000000000000000000069
1022542123500018830940000316741000000                         00000003776801000000DM 00000000000000000000 01091006190029711218                    101218000000000374075630940011006190000100000000000000000000000000000000000000000000000000000000000000000000000000003740000000000000000000000000000000000000000000000000000010000000000000          0002729840060600000000000000000000000000000000000000000070
1022542123500018830940000316741000000                         00000004021001000000DM 00000000000000000000 01091006190027001218                    101218000000000374075630940011006190000100000000000000000000000000000000000000000000000000000000000000000000000000003740000000000000000000000000000000000000000000000000000010000000000000          0000487456467400000000000000000000000000000000000000000071
1022542123500018830940000316741000000                         00000004153701000000DM 00000000000000000000 01091006190025311218                    101218000000000374075630940011006190000100000000000000000000000000000000000000000000000000000000000000000000000000003740000000000000000000000000000000000000000000000000000010000000000000          0000797618260900000000000000000000000000000000000000000072
1022542123500018830940000316741000000                         00000004201601000000DM 00000000000000000000 01091006190030421218                    101218000000000374075630940011006190000100000000000000000000000000000000000000000000000000000000000000000000000000003740000000000000000000000000000000000000000000000000000010000000000000          0001076302165200000000000000000000000000000000000000000073
1022542123500018830940000316741000000                         00000002825501000000DM 00000000000000000000 01091006190003301218                    101218000000000324075630940011006190000100000000000000000000000000000000000000000000000000000000000000000000000000003240000000000000000000000000000000000000000000000000000010000000000000          0000916024261200000000000000000000000000000000000000000074
1022542123500018830940000316741000000                         00000003225301000000DM 00000000000000000000 01091006190010201218                    101218000000000374075630940011006190000100000000000000000000000000000000000000000000000000000000000000000000000000003740000000000000000000000000000000000000000000000000000010000000000000          0003616071763400000000000000000000000000000000000000000075
1022542123500018830940000316741000000                         00000005190901000000DM 00000000000000000000 01061006190014950619                    100619000000000324010400970011006190000250000000000000000000000000000000000000000000000000000000000000000000000000003240000000000000000000000000000000000000000000000000000010000000000000          0000136752462800000000000000000000000000000000000000000076
1022542123500018830940000316741000000                         00000004925501000000DM 00000000000000000000 01061006190008410619                    100619000000000324010400970011006190000250000000000000000000000000000000000000000000000000000000000000000000000000003240000000000000000000000000000000000000000000000000000010000000000000          0004459589168700000000000000000000000000000000000000000077
1022542123500018830940000316741000000                         00000005093901000000DM 00000000000000000000 01061006190012340619                    100619000000000324010400970011006190000250000000000000000000000000000000000000000000000000000000000000000000000000003240000000000000000000000000000000000000000000000000000010000000000000          0008461066260400000000000000000000000000000000000000000078
1022542123500018830940000316741000000                         00000005670001000000DM 00000000000000000000 01061006190030140619                    100619000000000374000113320011006190000250000000000000000000000000000000000000000000000000000000000000000000000000003740000000000000000000000000000000000000000000000000000010000000000000          0000506908968400000000000000000000000000000000000000000079
9027563094SICOOB CREDIARA          R D BOSCO                                         Centro                        38183228Araxá                         MG240720190000007800000000113                                                                                                                                                                                                                    000080
