02RETORNO01COBRANÇA       30940000327964316741J REZENDE                     756 - BANCOOB S/A 2407190000336                                                                                                                                                                                                                                                                                               000001
1022542123500018830940000316741000000                         00000005455601000000DM 00000000000000000000 01061507190026050719                    100719000000000374075630940011507190000250000000000000000000000000000000000000000000000000000000000000000000000000003749000000000000900000000000000000000000000000000000000010000000000000          0000258153466400000000000000000000000000000000000000000002
1022542123500018830940000316741000000                         00000005112401000000DM 00000000000000000000 01091507190013890119                    150119000000000324075630940011507190000100000000000000000000000000000000000000000000000000000000000000000000000000003240000000000000000000000000000000000000000000000000000010000000000000          0000690262868800000000000000000000000000000000000000000003
1022542123500018830940000316741000000                         00000005347501000000DM 00000000000000000000 01061507190023040719                    100719000000000374010400970011507190000250000000000000000000000000000000000000000000000000000000000000000000000000003749000000000000900000000000000000000000000000000000000010000000000000          0004225353567200000000000000000000000000000000000000000004
1022542123500018830940000316741000000                         00000005851401000000DM 00000000000000000000 01061507191000110619                    100719000000001396010400970011507190000250000000000000000000000000000000000000000000000000000000000000000000000000013973000000000001300000000000000000000000000000000000000010000000000000          3874637600038400000000000000000000000000000000000000000005
1022542123500018830940000316741000000                         00000005855301000000DM 00000000000000000000 01061507191000250619                    150719000000000388010400970011507190000250000000000000000000000000000000000000000000000000000000000000000000000000003880000000000000000000000000000000000000000000000000000010000000000000          2604122800011300000000000000000000000000000000000000000006
9027563094SICOOB CREDIARA          R D BOSCO                                         Centro                        38183228Araxá                         MG240720190000000500000000113                                                                                                                                                                                                                    000007
