02RETORNO01COBRANÇA       30940000327964316741J REZENDE                     756 - BANCOOB S/A 2407190000337                                                                                                                                                                                                                                                                                               000001
1022542123500018830940000316741000000                         00000005389401000000DM 00000000000000000000 01092207190024540119                    200119000000000374075630940012207190000100000000000000000000000000000000000000000000000000000000000000000000000000003740000000000000000000000000000000000000000000000000000010000000000000          0000847276465600000000000000000000000000000000000000000002
9027563094SICOOB CREDIARA          R D BOSCO                                         Centro                        38183228Araxá                         MG240720190000000100000000113                                                                                                                                                                                                                    000003
