02RETORNO01COBRANÇA       30940000327964316741J REZENDE                     756 - BANCOOB S/A 1107190000335                                                                                                                                                                                                                                                                                               000001
1022542123500018830940000316741000000                         00000005341101000000DM 00000000000000000000 01091007190023040119                    100119000000000374075630940011007190000100000000000000000000000000000000000000000000000000000000000000000000000000003740000000000000000000000000000000000000000000000000000010000000000000          0004225353567200000000000000000000000000000000000000000002
1022542123500018830940000316741000000                         00000005467401000000DM 00000000000000000000 01061007190026650719                    100719000000000374034109440011007190000250000000000000000000000000000000000000000000000000000000000000000000000000003740000000000000000000000000000000000000000000000000000010000000000000          0000694769266000000000000000000000000000000000000000000003
1022542123500018830940000316741000000                         00000005551901000000DM 00000000000000000000 01060807190028150719                    100719000000000374010400970010807190000250000000000000000000000000000000000000000000000000000000000000000000000000003740000000000000000000000000000000000000000000000000000010000000000000          0001026372666500000000000000000000000000000000000000000004
1022542123500018830940000316741000000                         00000005671801000000DM 00000000000000000000 01061007190030140719                    100719000000000374000113320011007190000250000000000000000000000000000000000000000000000000000000000000000000000000003740000000000000000000000000000000000000000000000000000010000000000000          0000506908968400000000000000000000000000000000000000000005
1022542123500018830940000316741000000                         00000005124201000000DM 00000000000000000000 01091007190014430119                    100119000000000324075630940011007190000100000000000000000000000000000000000000000000000000000000000000000000000000003240000000000000000000000000000000000000000000000000000010000000000000          0000696140365400000000000000000000000000000000000000000006
1022542123500018830940000316741000000                         00000004662201000000DM 00000000000000000000 01060807190000410719                    100719000000000324023716910010807190000250000000000000000000000000000000000000000000000000000000000000000000000000003240000000000000000000000000000000000000000000000000000010000000000000          0000565324365500000000000000000000000000000000000000000007
1022542123500018830940000316741000000                         00000004686901000000DM 00000000000000000000 01061007190002360719                    100719000000000374010400970011007190000250000000000000000000000000000000000000000000000000000000000000000000000000003740000000000000000000000000000000000000000000000000000010000000000000          0000569370264200000000000000000000000000000000000000000008
1022542123500018830940000316741000000                         00000004734801000000DM 00000000000000000000 01061007190004140719                    100719000000000374003334670011007190000250000000000000000000000000000000000000000000000000000000000000000000000000003740000000000000000000000000000000000000000000000000000010000000000000          0000303613564200000000000000000000000000000000000000000009
1022542123500018830940000316741000000                         00000005750501000000DM 00000000000000000000 01091007191000141218                    100119000000000349075630940011007190000100000000000000000000000000000000000000000000000000000000000000000000000000003490000000000000000000000000000000000000000000000000000010000000000000          3874637600046500000000000000000000000000000000000000000010
1022542123500018830940000316741000000                         00000004830001000000DM 00000000000000000000 01061007190005190719                    100719000000000324010400970011007190000250000000000000000000000000000000000000000000000000000000000000000000000000003240000000000000000000000000000000000000000000000000000010000000000000          0007188477760000000000000000000000000000000000000000000011
1022542123500018830940000316741000000                         00000004974601000000DM 00000000000000000000 01060807190009530719                    100719000000000324010400970010807190000250000000000000000000000000000000000000000000000000000000000000000000000000003240000000000000000000000000000000000000000000000000000010000000000000          0004361846464900000000000000000000000000000000000000000012
1022542123500018830940000316741000000                         00000004992901000000DM 00000000000000000000 01091007190010200119                    100119000000000374075630940011007190000100000000000000000000000000000000000000000000000000000000000000000000000000003740000000000000000000000000000000000000000000000000000010000000000000          0003616071763400000000000000000000000000000000000000000013
1022542123500018830940000316741000000                         00000005257701000000DM 00000000000000000000 01091007190017340119                    100119000000000324075630940011007190000100000000000000000000000000000000000000000000000000000000000000000000000000003240000000000000000000000000000000000000000000000000000010000000000000          0006300667766800000000000000000000000000000000000000000014
1022542123500018830940000316741000000                         00000005653501000000DM 00000000000000000000 01091007190029710119                    100119000000000374075630940011007190000100000000000000000000000000000000000000000000000000000000000000000000000000003740000000000000000000000000000000000000000000000000000010000000000000          0002729840060600000000000000000000000000000000000000000015
1022542123500018830940000316741000000                         00000005329201000000DM 00000000000000000000 01091007190022820119                    100119000000000324075630940011007190000100000000000000000000000000000000000000000000000000000000000000000000000000003240000000000000000000000000000000000000000000000000000010000000000000          0007188059365300000000000000000000000000000000000000000016
1022542123500018830940000316741000000                         00000005689001000000DM 00000000000000000000 01091007190030680119                    100119000000000374075630940011007190000100000000000000000000000000000000000000000000000000000000000000000000000000003740000000000000000000000000000000000000000000000000000010000000000000          0000377887650300000000000000000000000000000000000000000017
1022542123500018830940000316741000000                         00000004926201000000DM 00000000000000000000 01060807190008410719                    100719000000000324010400970010807190000250000000000000000000000000000000000000000000000000000000000000000000000000003240000000000000000000000000000000000000000000000000000010000000000000          0004459589168700000000000000000000000000000000000000000018
1022542123500018830940000316741000000                         00000005058001000000DM 00000000000000000000 01060907190011030719                    100719000000000324010400970010907190000250000000000000000000000000000000000000000000000000000000000000000000000000003240000000000000000000000000000000000000000000000000000010000000000000          0008715135969100000000000000000000000000000000000000000019
1022542123500018830940000316741000000                         00000005076301000000DM 00000000000000000000 01091007190011610119                    100119000000000324075630940011007190000100000000000000000000000000000000000000000000000000000000000000000000000000003240000000000000000000000000000000000000000000000000000010000000000000          0004342743060000000000000000000000000000000000000000000020
1022542123500018830940000316741000000                         00000005094601000000DM 00000000000000000000 01061007190012340719                    100719000000000324010400970011007190000250000000000000000000000000000000000000000000000000000000000000000000000000003240000000000000000000000000000000000000000000000000000010000000000000          0008461066260400000000000000000000000000000000000000000021
1022542123500018830940000316741000000                         00000005191601000000DM 00000000000000000000 01060807190014950719                    100719000000000324010400970010807190000250000000000000000000000000000000000000000000000000000000000000000000000000003240000000000000000000000000000000000000000000000000000010000000000000          0000136752462800000000000000000000000000000000000000000022
1022542123500018830940000316741000000                         00000005293201000000DM 00000000000000000000 01091007190017950119                    100119000000000324075630940011007190000100000000000000000000000000000000000000000000000000000000000000000000000000003240000000000000000000000000000000000000000000000000000010000000000000          0000027258068600000000000000000000000000000000000000000023
1022542123500018830940000316741000000                         00000005848101000000DM 00000000000000000000 01061007191000150619                    100719000000000349000142020011007190000250000000000000000000000000000000000000000000000000000000000000000000000000003490000000000000000000000000000000000000000000000000000010000000000000          7097303700093900000000000000000000000000000000000000000024
1022542123500018830940000316741000000                         00000005850701000000DM 00000000000000000000 01061007191000210619                    100719000000000526575640790011007190000250000000000000000000000000000000000000000000000000000000000000000000000000005265000000000000000000000000000000000000000000000000000010000000000000          6522717500018100000000000000000000000000000000000000000025
1022542123500018830940000316741000000                         00000004944501000000DM 00000000000000000000 01091007190008690119                    100119000000000324075630940011007190000100000000000000000000000000000000000000000000000000000000000000000000000000003240000000000000000000000000000000000000000000000000000010000000000000          0000027442861000000000000000000000000000000000000000000026
1022542123500018830940000316741000000                         00000004962801000000DM 00000000000000000000 01061007190009010719                    100719000000000324010400970011007190000250000000000000000000000000000000000000000000000000000000000000000000000000003240000000000000000000000000000000000000000000000000000010000000000000          0009470166060400000000000000000000000000000000000000000027
1022542123500018830940000316741000000                         00000005179701000000DM 00000000000000000000 01060807190014700719                    100719000000000324010400970010807190000250000000000000000000000000000000000000000000000000000000000000000000000000003240000000000000000000000000000000000000000000000000000010000000000000          0008318973461500000000000000000000000000000000000000000028
1022542123500018830940000316741000000                         00000004770301000000DM 00000000000000000000 01060907190004270719                    100719000000000324010400970010907190000250000000000000000000000000000000000000000000000000000000000000000000000000003240000000000000000000000000000000000000000000000000000010000000000000          0000329979965700000000000000000000000000000000000000000029
1022542123500018830940000316741000000                         00000005617001000000DM 00000000000000000000 01091007190029060119                    100119000000000374075630940011007190000100000000000000000000000000000000000000000000000000000000000000000000000000003740000000000000000000000000000000000000000000000000000010000000000000          0007331229087200000000000000000000000000000000000000000030
1022542123500018830940000316741000000                         00000005629801000000DM 00000000000000000000 01091007190029630119                    100119000000000374075630940011007190000100000000000000000000000000000000000000000000000000000000000000000000000000003740000000000000000000000000000000000000000000000000000010000000000000          0000559499965500000000000000000000000000000000000000000031
1022542123500018830940000316741000000                         00000005846701000000DM 00000000000000000000 01061007191000100619                    100719000000004093000142020011007190000250000000000000000000000000000000000000000000000000000000000000000000000000040930000000000000000000000000000000000000000000000000000010000000000000          7097303700034300000000000000000000000000000000000000000032
1022542123500018830940000316741000000                         00000005539001000000DM 00000000000000000000 01061007190027500719                    100719000000000374010400970011007190000250000000000000000000000000000000000000000000000000000000000000000000000000003740000000000000000000000000000000000000000000000000000010000000000000          0000282899960200000000000000000000000000000000000000000033
1022542123500018830940000316741000000                         00000005611601000000DM 00000000000000000000 01060807190029010719                    100719000000000374010400970010807190000250000000000000000000000000000000000000000000000000000000000000000000000000003740000000000000000000000000000000000000000000000000000010000000000000          0002483652468700000000000000000000000000000000000000000034
1022542123500018830940000316741000000                         00000005683601000000DM 00000000000000000000 01060807190030330719                    100719000000000374010400970010807190000250000000000000000000000000000000000000000000000000000000000000000000000000003740000000000000000000000000000000000000000000000000000010000000000000          0008285259668700000000000000000000000000000000000000000035
1022542123500018830940000316741000000                         00000004866501000000DM 00000000000000000000 01061007190005930719                    100719000000000324010400970011007190000250000000000000000000000000000000000000000000000000000000000000000000000000003240000000000000000000000000000000000000000000000000000010000000000000          0003023575860400000000000000000000000000000000000000000036
1022542123500018830940000316741000000                         00000004884801000000DM 00000000000000000000 01091007190006510119                    100119000000000324075630940011007190000100000000000000000000000000000000000000000000000000000000000000000000000000003240000000000000000000000000000000000000000000000000000010000000000000          0006345744697000000000000000000000000000000000000000000037
1022542123500018830940000316741000000                         00000004674001000000DM 00000000000000000000 01060907190001140719                    100719000000000324010400970010907190000250000000000000000000000000000000000000000000000000000000000000000000000000003240000000000000000000000000000000000000000000000000000010000000000000          0004897155363400000000000000000000000000000000000000000038
1022542123500018830940000316741000000                         00000004746601000000DM 00000000000000000000 01060907190004160719                    100719000000000324034109440010907190000250000000000000000000000000000000000000000000000000000000000000000000000000003240000000000000000000000000000000000000000000000000000010000000000000          0009147587261500000000000000000000000000000000000000000039
1022542123500018830940000316741000000                         00000004812801000000DM 00000000000000000000 01091007190004910119                    100119000000000324075630940011007190000100000000000000000000000000000000000000000000000000000000000000000000000000003240000000000000000000000000000000000000000000000000000010000000000000          0002624052160400000000000000000000000000000000000000000040
1022542123500018830940000316741000000                         00000005765501000000DM 00000000000000000000 01091007191000111218                    100119000000001745075630940011007190000100000000000000000000000000000000000000000000000000000000000000000000000000017450000000000000000000000000000000000000000000000000000010000000000000          3874637600038400000000000000000000000000000000000000000041
1022542123500018830940000316741000000                         00000005317401000000DM 00000000000000000000 01091007190022690119                    100119000000000374075630940011007190000100000000000000000000000000000000000000000000000000000000000000000000000000003740000000000000000000000000000000000000000000000000000010000000000000          0006307307269100000000000000000000000000000000000000000042
1022542123500018830940000316741000000                         00000005383001000000DM 00000000000000000000 01061007190024530719                    100719000000000374010400970011007190000250000000000000000000000000000000000000000000000000000000000000000000000000003740000000000000000000000000000000000000000000000000000010000000000000          0003607094764900000000000000000000000000000000000000000043
1022542123500018830940000316741000000                         00000005401901000000DM 00000000000000000000 01091007190024730119                    100119000000000374075630940011007190000100000000000000000000000000000000000000000000000000000000000000000000000000003740000000000000000000000000000000000000000000000000000010000000000000          0001603579869100000000000000000000000000000000000000000044
1022542123500018830940000316741000000                         00000005437301000000DM 00000000000000000000 01091007190025960119                    100119000000000374075630940011007190000100000000000000000000000000000000000000000000000000000000000000000000000000003740000000000000000000000000000000000000000000000000000010000000000000          0009277829168700000000000000000000000000000000000000000045
1022542123500018830940000316741000000                         00000005473901000000DM 00000000000000000000 01091007190026730119                    100119000000000374075630940011007190000100000000000000000000000000000000000000000000000000000000000000000000000000003740000000000000000000000000000000000000000000000000000010000000000000          0000945536569300000000000000000000000000000000000000000046
1022542123500018830940000316741000000                         00000005509901000000DM 00000000000000000000 01091007190027000119                    100119000000000374075630940011007190000100000000000000000000000000000000000000000000000000000000000000000000000000003740000000000000000000000000000000000000000000000000000010000000000000          0000487456467400000000000000000000000000000000000000000047
1022542123500018830940000316741000000                         00000005593801000000DM 00000000000000000000 01091007190028970119                    100119000000000374075630940011007190000100000000000000000000000000000000000000000000000000000000000000000000000000003740000000000000000000000000000000000000000000000000000010000000000000          0005968516666800000000000000000000000000000000000000000048
1022542123500018830940000316741000000                         00000005751201000000DM 00000000000000000000 01091007191000181218                    100119000000003873075630940011007190000100000000000000000000000000000000000000000000000000000000000000000000000000038730000000000000000000000000000000000000000000000000000010000000000000          1823706600016500000000000000000000000000000000000000000049
1022542123500018830940000316741000000                         00000005845001000000DM 00000000000000000000 01061007191000070619                    100719000000000698000142020011007190000250000000000000000000000000000000000000000000000000000000000000000000000000006980000000000000000000000000000000000000000000000000000010000000000000          7097303700069600000000000000000000000000000000000000000050
1022542123500018830940000316741000000                         00000005371201000000DM 00000000000000000000 01061007190023970719                    100719000000000374010400970011007190000250000000000000000000000000000000000000000000000000000000000000000000000000003740000000000000000000000000000000000000000000000000000010000000000000          0007188737762000000000000000000000000000000000000000000051
1022542123500018830940000316741000000                         00000005727501000000DM 00000000000000000000 01061007190030690719                    100719000000000374075630940011007190000250000000000000000000000000000000000000000000000000000000000000000000000000003740000000000000000000000000000000000000000000000000000010000000000000          0006037461660400000000000000000000000000000000000000000052
1022542123500018830940000316741000000                         00000005847401000000DM 00000000000000000000 01061007191000120619                    100719000000000698000102100011007190000250000000000000000000000000000000000000000000000000000000000000000000000000006980000000000000000000000000000000000000000000000000000010000000000000          7097216100012200000000000000000000000000000000000000000053
1022542123500018830940000316741000000                         00000004980001000000DM 00000000000000000000 01091007190010140119                    100119000000000374075630940011007190000100000000000000000000000000000000000000000000000000000000000000000000000000003740000000000000000000000000000000000000000000000000000010000000000000          0005764752663400000000000000000000000000000000000000000054
1022542123500018830940000316741000000                         00000004848201000000DM 00000000000000000000 01091007190005450119                    100119000000000324075630940011007190000100000000000000000000000000000000000000000000000000000000000000000000000000003240000000000000000000000000000000000000000000000000000010000000000000          0003013578866800000000000000000000000000000000000000000055
1022542123500018830940000316741000000                         00000005203001000000DM 00000000000000000000 01060807190015230719                    100719000000000324034184810010807190000250000000000000000000000000000000000000000000000000000000000000000000000000003240000000000000000000000000000000000000000000000000000010000000000000          0003225778362000000000000000000000000000000000000000000056
1022542123500018830940000316741000000                         00000005269501000000DM 00000000000000000000 01091007190017750119                    100119000000000324075630940011007190000100000000000000000000000000000000000000000000000000000000000000000000000000003240000000000000000000000000000000000000000000000000000010000000000000          0002729843469100000000000000000000000000000000000000000057
9027563094SICOOB CREDIARA          RUA MARIA RITA DE AGUIAR                          CENTRO                        38183236ARAXÁ                         MG110720190000005600000000113                                                                                                                                                                                                                    000058
