02RETORNO01COBRANÇA       30940000327964316741J REZENDE                     756 - BANCOOB S/A 0207190000331                                                                                                                                                                                                                                                                                               000001
1022542123500018830940000316741000000                         00000004878301000000DM 00000000000000000000 01060107190006480719                    100719000000000374010400970010107190000250000000000000000000000000000000000000000000000000000000000000000000000000003740000000000000000000000000000000000000000000000000000010000000000000          0001612677762000000000000000000000000000000000000000000002
1022542123500018830940000316741000000                         00000005816601000000DM 00000000000000000000 01060107190030760719                    100719000000000374010400970010107190000250000000000000000000000000000000000000000000000000000000000000000000000000003740000000000000000000000000000000000000000000000000000010000000000000          0000479186480800000000000000000000000000000000000000000003
1022542123500018830940000316741000000                         00000005226901000000DM 00000000000000000000 01060107190015980619                    100619000000000324010400970010107190000250000000000000000000000000000000000000000000000000000000000000000000000000003266000000000002600000000000000000000000000000000000000010000000000000          0007886934067800000000000000000000000000000000000000000004
9027563094SICOOB CREDIARA          RUA MARIA RITA DE AGUIAR                          CENTRO                        38183236ARAXÁ                         MG020720190000000300000000113                                                                                                                                                                                                                    000005
