02RETORNO01COBRANÇA       30940000327964316741J REZENDE                     756 - BANCOOB S/A 0207190000330                                                                                                                                                                                                                                                                                               000001
1022542123500018830940000316741000000                         00000005082801000000DM 00000000000000000000 01062806190011610719                    100719000000000324010400970012806190000250000000000000000000000000000000000000000000000000000000000000000000000000003240000000000000000000000000000000000000000000000000000010000000000000          0004342743060000000000000000000000000000000000000000000002
1022542123500018830940000316741000000                         00000005226901000000DM 00000000000000000000 01060107190015980619                    100619000000000324010400970010107190000250000000000000000000000000000000000000000000000000000000000000000000000000003266000000000002600000000000000000000000000000000000000010000000000000          0007886934067800000000000000000000000000000000000000000003
1022542123500018830940000316741000000                         00000005034401000000DM 00000000000000000000 01062806190010620719                    100719000000000324000102100012806190000250000000000000000000000000000000000000000000000000000000000000000000000000003240000000000000000000000000000000000000000000000000000010000000000000          0000055756263500000000000000000000000000000000000000000004
1022542123500018830940000316741000000                         00000005816601000000DM 00000000000000000000 01060107190030760719                    100719000000000374010400970010107190000250000000000000000000000000000000000000000000000000000000000000000000000000003740000000000000000000000000000000000000000000000000000010000000000000          0000479186480800000000000000000000000000000000000000000005
1022542123500018830940000316741000000                         00000004878301000000DM 00000000000000000000 01060107190006480719                    100719000000000374010400970010107190000250000000000000000000000000000000000000000000000000000000000000000000000000003740000000000000000000000000000000000000000000000000000010000000000000          0001612677762000000000000000000000000000000000000000000006
9027563094SICOOB CREDIARA          RUA MARIA RITA DE AGUIAR                          CENTRO                        38183236ARAXÁ                         MG020720190000000500000000113                                                                                                                                                                                                                    000007
