02RETORNO01COBRANÇA       30940000327964316741J REZENDE                     756 - BANCOOB S/A 2407190000339                                                                                                                                                                                                                                                                                               000001
1022542123500018830940000316741000000                         00000005574801000000DM 00000000000000000000 01060406190028810619                    100619000000000374010400970010406190000250000000000000000000000000000000000000000000000000000000000000000000000000003740000000000000000000000000000000000000000000000000000010000000000000          0002729612165300000000000000000000000000000000000000000002
1022542123500018830940000316741000000                         00000004733001000000DM 00000000000000000000 01060406190004140619                    100619000000000374003334670010406190000250000000000000000000000000000000000000000000000000000000000000000000000000003740000000000000000000000000000000000000000000000000000010000000000000          0000303613564200000000000000000000000000000000000000000003
1022542123500018830940000316741000000                         00000004877601000000DM 00000000000000000000 01060406190006480619                    100619000000000374010400970010406190000250000000000000000000000000000000000000000000000000000000000000000000000000003740000000000000000000000000000000000000000000000000000010000000000000          0001612677762000000000000000000000000000000000000000000004
1022542123500018830940000316741000000                         00000004793201000000DM 00000000000000000000 01060406190004370619                    100619000000000324010400970010406190000250000000000000000000000000000000000000000000000000000000000000000000000000003240000000000000000000000000000000000000000000000000000010000000000000          0001313854565300000000000000000000000000000000000000000005
1022542123500018830940000316741000000                         00000005346801000000DM 00000000000000000000 01060406190023040619                    100619000000000374010400970010406190000250000000000000000000000000000000000000000000000000000000000000000000000000003740000000000000000000000000000000000000000000000000000010000000000000          0004225353567200000000000000000000000000000000000000000006
9027563094SICOOB CREDIARA          R D BOSCO                                         Centro                        38183228Araxá                         MG240720190000000500000000113                                                                                                                                                                                                                    000007
