02RETORNO01COBRANÇA       30940000327964316741J REZENDE                     756 - BANCOOB S/A 0807190000332                                                                                                                                                                                                                                                                                               000001
1022542123500018830940000316741000000                         00000005239401000000DM 00000000000000000000 01060507190016360719                    100719000000000374010400970010507190000250000000000000000000000000000000000000000000000000000000000000000000000000003740000000000000000000000000000000000000000000000000000010000000000000          0004340692069100000000000000000000000000000000000000000002
1022542123500018830940000316741000000                         00000005251301000000DM 00000000000000000000 01060507190017220719                    100719000000000324010400970010507190000250000000000000000000000000000000000000000000000000000000000000000000000000003240000000000000000000000000000000000000000000000000000010000000000000          0000326379860000000000000000000000000000000000000000000003
1022542123500018830940000316741000000                         00000004938001000000DM 00000000000000000000 01060307190008470719                    100719000000000374010400970010307190000250000000000000000000000000000000000000000000000000000000000000000000000000003740000000000000000000000000000000000000000000000000000010000000000000          0000150671660100000000000000000000000000000000000000000004
1022542123500018830940000316741000000                         00000005431001000000DM 00000000000000000000 01060407190025270719                    100719000000000374010400970010407190000250000000000000000000000000000000000000000000000000000000000000000000000000003740000000000000000000000000000000000000000000000000000010000000000000          0000677178867900000000000000000000000000000000000000000005
1022542123500018830940000316741000000                         00000005491101000000DM 00000000000000000000 01060407190026740719                    100719000000000374023716910010407190000250000000000000000000000000000000000000000000000000000000000000000000000000003740000000000000000000000000000000000000000000000000000010000000000000          0000954360460600000000000000000000000000000000000000000006
1022542123500018830940000316741000000                         00000005527101000000DM 00000000000000000000 01060507190027130719                    100719000000000374010400970010507190000250000000000000000000000000000000000000000000000000000000000000000000000000003740000000000000000000000000000000000000000000000000000010000000000000          0009652261564900000000000000000000000000000000000000000007
1022542123500018830940000316741000000                         00000004782101000000DM 00000000000000000000 01060507190004350719                    100719000000000324034109440010507190000250000000000000000000000000000000000000000000000000000000000000000000000000003240000000000000000000000000000000000000000000000000000010000000000000          0001514063611500000000000000000000000000000000000000000008
1022542123500018830940000316741000000                         00000004794001000000DM 00000000000000000000 01060407190004370719                    100719000000000324010400970010407190000250000000000000000000000000000000000000000000000000000000000000000000000000003240000000000000000000000000000000000000000000000000000010000000000000          0001313854565300000000000000000000000000000000000000000009
1022542123500018830940000316741000000                         00000005046201000000DM 00000000000000000000 01060407190010920719                    100719000000000324010400970010407190000250000000000000000000000000000000000000000000000000000000000000000000000000003240000000000000000000000000000000000000000000000000000010000000000000          0007570230469100000000000000000000000000000000000000000010
1022542123500018830940000316741000000                         00000005106001000000DM 00000000000000000000 01060507190013270719                    100719000000000324010400970010507190000250000000000000000000000000000000000000000000000000000000000000000000000000003240000000000000000000000000000000000000000000000000000010000000000000          0005974586069700000000000000000000000000000000000000000011
1022542123500018830940000316741000000                         00000005286001000000DM 00000000000000000000 01060407190017830619                    100619000000000324075630940010407190000250000000000000000000000000000000000000000000000000000000000000000000000000003269000000000002900000000000000000000000000000000000000010000000000000          0007674540669100000000000000000000000000000000000000000012
1022542123500018830940000316741000000                         00000005575501000000DM 00000000000000000000 01060307190028810719                    100719000000000374010400970010307190000250000000000000000000000000000000000000000000000000000000000000000000000000003740000000000000000000000000000000000000000000000000000010000000000000          0002729612165300000000000000000000000000000000000000000013
1022542123500018830940000316741000000                         00000004758401000000DM 00000000000000000000 01060507190004220719                    100719000000000324010400970010507190000250000000000000000000000000000000000000000000000000000000000000000000000000003240000000000000000000000000000000000000000000000000000010000000000000          0007415855469100000000000000000000000000000000000000000014
1022542123500018830940000316741000000                         00000004806301000000DM 00000000000000000000 01060507190004530719                    100719000000000374010400970010507190000250000000000000000000000000000000000000000000000000000000000000000000000000003740000000000000000000000000000000000000000000000000000010000000000000          0000786278560600000000000000000000000000000000000000000015
1022542123500018830940000316741000000                         00000005287801000000DM 00000000000000000000 01060407190017830719                    100719000000000324075630940010407190000250000000000000000000000000000000000000000000000000000000000000000000000000003240000000000000000000000000000000000000000000000000000010000000000000          0007674540669100000000000000000000000000000000000000000016
1022542123500018830940000316741000000                         00000005647001000000DM 00000000000000000000 01060507190029700719                    100719000000000374010400970010507190000250000000000000000000000000000000000000000000000000000000000000000000000000003740000000000000000000000000000000000000000000000000000010000000000000          0000214486281800000000000000000000000000000000000000000017
1022542123500018830940000316741000000                         00000005167901000000DM 00000000000000000000 01060407190014580719                    100719000000000324010400970010407190000250000000000000000000000000000000000000000000000000000000000000000000000000003240000000000000000000000000000000000000000000000000000010000000000000          0002361630010000000000000000000000000000000000000000000018
1022542123500018830940000316741000000                         00000005587301000000DM 00000000000000000000 01060507190028820719                    100719000000000374010400970010507190000250000000000000000000000000000000000000000000000000000000000000000000000000003740000000000000000000000000000000000000000000000000000010000000000000          0002486093060600000000000000000000000000000000000000000019
1022542123500018830940000316741000000                         00000005022601000000DM 00000000000000000000 01060407190010460719                    100719000000000324010400970010407190000250000000000000000000000000000000000000000000000000000000000000000000000000003240000000000000000000000000000000000000000000000000000010000000000000          0000013014064300000000000000000000000000000000000000000020
9027563094SICOOB CREDIARA          RUA MARIA RITA DE AGUIAR                          CENTRO                        38183236ARAXÁ                         MG080720190000001900000000113                                                                                                                                                                                                                    000021
