02RETORNO01COBRANÇA       30940000327964316741J REZENDE - ME                756 - BANCOOB S/A 1101180000194                                                                                                                                                                                                                                                                                               000001
1022542123500018830940000316741000000                         00000003681301000000DM 00000000000000000000 01061001180028970118                    100118000000000374010400970011001180000250000000000000000000000000000000000000000000000000000000000000000000000000003740000000000000000000000000000000000000000000000000000010000000000000          0005968516666800000000000000000000000000000000000000000002
1022542123500018830940000316741000000                         00000002814401000000DM 00000000000000000000 01061001180003300118                    100118000000000324010400970011001180000250000000000000000000000000000000000000000000000000000000000000000000000000003240000000000000000000000000000000000000000000000000000010000000000000          0000916024261200000000000000000000000000000000000000000003
1022542123500018830940000316741000000                         00000004486501000000DM 00000000000000000000 01061001181000121217                    100118000000000957034199260011001180000250000000000000000000000000000000000000000000000000000000000000000000000000009570000000000000000000000000000000000000000000000000000010000000000000          7097216100012200000000000000000000000000000000000000000004
1022542123500018830940000316741000000                         00000004489701000000DM 00000000000000000000 01061001181000111217                    100118000000000987063400190011001180000250000000000000000000000000000000000000000000000000000000000000000000000000009870000000000000000000000000000000000000000000000000000010000000000000          3874637600038400000000000000000000000000000000000000000005
1022542123500018830940000316741000000                         00000002754701000000DM 00000000000000000000 01061001180000410118                    100118000000000324010400970011001180000250000000000000000000000000000000000000000000000000000000000000000000000000003240000000000000000000000000000000000000000000000000000010000000000000          0000565324365500000000000000000000000000000000000000000006
1022542123500018830940000316741000000                         00000003633001000000DM 00000000000000000000 01061001180028160118                    100118000000000374010400970011001180000250000000000000000000000000000000000000000000000000000000000000000000000000003740000000000000000000000000000000000000000000000000000010000000000000          0008257197068200000000000000000000000000000000000000000007
1022542123500018830940000316741000000                         00000004485801000000DM 00000000000000000000 01061001181000101217                    100118000000000638034199260011001180000250000000000000000000000000000000000000000000000000000000000000000000000000006380000000000000000000000000000000000000000000000000000010000000000000          7097303700034300000000000000000000000000000000000000000008
1022542123500018830940000316741000000                         00000003950001000000DM 00000000000000000000 01061001180026650118                    100118000000000374034109440011001180000250000000000000000000000000000000000000000000000000000000000000000000000000003740000000000000000000000000000000000000000000000000000010000000000000          0000694769266000000000000000000000000000000000000000000009
1022542123500018830940000316741000000                         00000003537701000000DM 00000000000000000000 01061001180022660118                    100118000000000374034199260011001180000250000000000000000000000000000000000000000000000000000000000000000000000000003740000000000000000000000000000000000000000000000000000010000000000000          0004170441060600000000000000000000000000000000000000000010
1022542123500018830940000316741000000                         00000003094801000000DM 00000000000000000000 01061001180009010118                    100118000000000324010400970011001180000250000000000000000000000000000000000000000000000000000000000000000000000000003240000000000000000000000000000000000000000000000000000010000000000000          0009470166060400000000000000000000000000000000000000000011
1022542123500018830940000316741000000                         00000004484001000000DM 00000000000000000000 01061001181000071217                    100118000000000957034199260011001180000250000000000000000000000000000000000000000000000000000000000000000000000000009570000000000000000000000000000000000000000000000000000010000000000000          7097303700069600000000000000000000000000000000000000000012
1022542123500018830940000316741000000                         00000004487201000000DM 00000000000000000000 01061001181000151217                    100118000000000319034199260011001180000250000000000000000000000000000000000000000000000000000000000000000000000000003190000000000000000000000000000000000000000000000000000010000000000000          7097303700093900000000000000000000000000000000000000000013
1022542123500018830940000316741000000                         00000003866601000000DM 00000000000000000000 01061001180025270118                    100118000000000374010400970011001180000250000000000000000000000000000000000000000000000000000000000000000000000000003740000000000000000000000000000000000000000000000000000010000000000000          0000677178867900000000000000000000000000000000000000000014
1022542123500018830940000316741000000                         00000003250801000000DM 00000000000000000000 01061001180011060118                    100118000000000324034184810011001180000250000000000000000000000000000000000000000000000000000000000000000000000000003240000000000000000000000000000000000000000000000000000010000000000000          0000306014564400000000000000000000000000000000000000000015
1022542123500018830940000316741000000                         00000003854801000000DM 00000000000000000000 01061001180030330118                    100118000000000374010400970011001180000250000000000000000000000000000000000000000000000000000000000000000000000000003740000000000000000000000000000000000000000000000000000010000000000000          0008285259668700000000000000000000000000000000000000000016
1022542123500018830940000316741000000                         00000003178101000000DM 00000000000000000000 01061001180009450118                    100118000000000324010400970011001180000250000000000000000000000000000000000000000000000000000000000000000000000000003240000000000000000000000000000000000000000000000000000010000000000000          0009277825960000000000000000000000000000000000000000000017
1022542123500018830940000316741000000                         00000003274401000000DM 00000000000000000000 01061001180012200118                    100118000000000324010400970011001180000250000000000000000000000000000000000000000000000000000000000000000000000000003240000000000000000000000000000000000000000000000000000010000000000000          0005183755876000000000000000000000000000000000000000000018
1022542123500018830940000316741000000                         00000003298001000000DM 00000000000000000000 01061001180012340118                    100118000000000324075630940011001180000250000000000000000000000000000000000000000000000000000000000000000000000000003240000000000000000000000000000000000000000000000000000010000000000000          0008461066260400000000000000000000000000000000000000000019
1022542123500018830940000316741000000                         00000002838001000000DM 00000000000000000000 01061001180004110118                    100118000000000374010400970011001180000250000000000000000000000000000000000000000000000000000000000000000000000000003740000000000000000000000000000000000000000000000000000010000000000000          0007246051260000000000000000000000000000000000000000000020
1022542123500018830940000316741000000                         00000004490501000000DM 00000000000000000000 01061001181000141217                    100118000000001419063400190011001180000250000000000000000000000000000000000000000000000000000000000000000000000000014190000000000000000000000000000000000000000000000000000010000000000000          3874637600046500000000000000000000000000000000000000000021
1022542123500018830940000316741000000                         00000003334101000000DM 00000000000000000000 01061001180023970118                    100118000000000374010400970011001180000250000000000000000000000000000000000000000000000000000000000000000000000000003740000000000000000000000000000000000000000000000000000010000000000000          0007188737762000000000000000000000000000000000000000000022
9027563094SICOOB CREDIARA          RUA MARIA RITA DE AGUIAR                          CENTRO                        38183236ARAXÁ                         MG110120180000002100000000113                                                                                                                                                                                                                    000023
