02RETORNO01COBRANÇA       30940000327964316741J REZENDE - ME                756 - BANCOOB S/A 0501180000191                                                                                                                                                                                                                                                                                               000001
1022542123500018830940000316741000000                         00000002666301000000DM 00000000000000000000 01090301180030570717                    060717000000000349075630940010301180000000000000000000000000000000000000000000000000000000000000000000000000000000003490000000000000000000000000000000000000000000000000000010000000000000          0007555846764900000000000000000000000000000000000000000002
1022542123500018830940000316741000000                         00000003998301000000DM 00000000000000000000 01060401180026860118                    100118000000000374034199260010401180000250000000000000000000000000000000000000000000000000000000000000000000000000003740000000000000000000000000000000000000000000000000000010000000000000          0003407094060000000000000000000000000000000000000000000003
1022542123500018830940000316741000000                         00000003621101000000DM 00000000000000000000 01060201180027570118                    100118000000000374023716910010201180000250000000000000000000000000000000000000000000000000000000000000000000000000003740000000000000000000000000000000000000000000000000000010000000000000          0000699499364700000000000000000000000000000000000000000004
1022542123500018830940000316741000000                         00000002790201000000DM 00000000000000000000 01060201180002470118                    100118000000000324010400970010201180000250000000000000000000000000000000000000000000000000000000000000000000000000003240000000000000000000000000000000000000000000000000000010000000000000          0000356167569700000000000000000000000000000000000000000005
1022542123500018830940000316741000000                         00000003310501000000DM 00000000000000000000 01060301180013270118                    100118000000000324010400970010301180000250000000000000000000000000000000000000000000000000000000000000000000000000003240000000000000000000000000000000000000000000000000000010000000000000          0005974586069700000000000000000000000000000000000000000006
1022542123500018830940000316741000000                         00000003878401000000DM 00000000000000000000 01060301180025190118                    100118000000000374010407080010301180000250000000000000000000000000000000000000000000000000000000000000000000000000003740000000000000000000000000000000000000000000000000000010000000000000          0008540006863400000000000000000000000000000000000000000007
1022542123500018830940000316741000000                         00000003926301000000DM 00000000000000000000 01060301180026050118                    100118000000000374010400970010301180000250000000000000000000000000000000000000000000000000000000000000000000000000003740000000000000000000000000000000000000000000000000000010000000000000          0000258153466400000000000000000000000000000000000000000008
1022542123500018830940000316741000000                         00000004022701000000DM 00000000000000000000 01060401180027130118                    100118000000000374010400970010401180000250000000000000000000000000000000000000000000000000000000000000000000000000003740000000000000000000000000000000000000000000000000000010000000000000          0009652261564900000000000000000000000000000000000000000009
1022542123500018830940000316741000000                         00000003645801000000DM 00000000000000000000 01060201180028810118                    100118000000000374063400190010201180000250000000000000000000000000000000000000000000000000000000000000000000000000003740000000000000000000000000000000000000000000000000000010000000000000          0002729612165300000000000000000000000000000000000000000010
9027563094SICOOB CREDIARA          RUA MARIA RITA DE AGUIAR                          CENTRO                        38183236ARAXÁ                         MG050120180000000900000000113                                                                                                                                                                                                                    000011
