02RETORNO01COBRANÇA       30940000327964316741J REZENDE - ME                756 - BANCOOB S/A 1201180000196                                                                                                                                                                                                                                                                                               000001
1022542123500018830940000316741000000                         00000002766501000000DM 00000000000000000000 01062812170001140118                    100118000000000324034199260012812170000250000000000000000000000000000000000000000000000000000000000000000000000000003240000000000000000000000000000000000000000000000000000010000000000000          0004897155363400000000000000000000000000000000000000000002
1022542123500018830940000316741000000                         00000003430401000000DM 00000000000000000000 01062812170015740118                    100118000000000324010400970012812170000250000000000000000000000000000000000000000000000000000000000000000000000000003240000000000000000000000000000000000000000000000000000010000000000000          0004684573966800000000000000000000000000000000000000000003
9027563094SICOOB CREDIARA          RUA MARIA RITA DE AGUIAR                          CENTRO                        38183236ARAXÁ                         MG120120180000000200000000113                                                                                                                                                                                                                    000004
