02RETORNO01COBRANÇA       30940000327964316741J REZENDE - ME                756 - BANCOOB S/A 0901180000192                                                                                                                                                                                                                                                                                               000001
1022542123500018830940000316741000000                         00000000505401000000DM 00000000000000000000 01090801180007930717                    100717000000000294075630940010801180000000000000000000000000000000000000000000000000000000000000000000000000000000002940000000000000000000000000000000000000000000000000000010000000000000          0005103575868700000000000000000000000000000000000000000002
1022542123500018830940000316741000000                         00000001527501000000DM 00000000000000000000 01090801180028530717                    100717000000000349075630940010801180000000000000000000000000000000000000000000000000000000000000000000000000000000003490000000000000000000000000000000000000000000000000000010000000000000          0007188229465300000000000000000000000000000000000000000003
1022542123500018830940000316741000000                         00000002070201000000DM 00000000000000000000 01090801180026580717                    100717000000000349075630940010801180000000000000000000000000000000000000000000000000000000000000000000000000000000003490000000000000000000000000000000000000000000000000000010000000000000          0003032597862000000000000000000000000000000000000000000004
1022542123500018830940000316741000000                         00000000927301000000DM 00000000000000000000 01090801180013270717                    100717000000000294075630940010801180000000000000000000000000000000000000000000000000000000000000000000000000000000002940000000000000000000000000000000000000000000000000000010000000000000          0005974586069700000000000000000000000000000000000000000005
1022542123500018830940000316741000000                         00000002398301000000DM 00000000000000000000 01090801180009990717                    100717000000000294075630940010801180000000000000000000000000000000000000000000000000000000000000000000000000000000002940000000000000000000000000000000000000000000000000000010000000000000          0007875360064900000000000000000000000000000000000000000006
1022542123500018830940000316741000000                         00000002410801000000DM 00000000000000000000 01090801180015600717                    100717000000000294075630940010801180000000000000000000000000000000000000000000000000000000000000000000000000000000002940000000000000000000000000000000000000000000000000000010000000000000          0000477735789900000000000000000000000000000000000000000007
1022542123500018830940000316741000000                         00000002533901000000DM 00000000000000000000 01090801180030450717                    100717000000000349075630940010801180000000000000000000000000000000000000000000000000000000000000000000000000000000003490000000000000000000000000000000000000000000000000000010000000000000          0000956345263100000000000000000000000000000000000000000008
1022542123500018830940000316741000000                         00000002826201000000DM 00000000000000000000 01060801180003720118                    100118000000000324010400970010801180000250000000000000000000000000000000000000000000000000000000000000000000000000003240000000000000000000000000000000000000000000000000000010000000000000          0000595338569200000000000000000000000000000000000000000009
1022542123500018830940000316741000000                         00000003142701000000DM 00000000000000000000 01060801180005930118                    100118000000000324010400970010801180000250000000000000000000000000000000000000000000000000000000000000000000000000003240000000000000000000000000000000000000000000000000000010000000000000          0003023575860400000000000000000000000000000000000000000010
1022542123500018830940000316741000000                         00000000579901000000DM 00000000000000000000 01090801180008690717                    100717000000000294075630940010801180000000000000000000000000000000000000000000000000000000000000000000000000000000002940000000000000000000000000000000000000000000000000000010000000000000          0000027442861000000000000000000000000000000000000000000011
1022542123500018830940000316741000000                         00000000347001000000DM 00000000000000000000 01090801180004600717                    100717000000000294075630940010801180000000000000000000000000000000000000000000000000000000000000000000000000000000002940000000000000000000000000000000000000000000000000000010000000000000          0004085395076800000000000000000000000000000000000000000012
1022542123500018830940000316741000000                         00000001743701000000DM 00000000000000000000 01090801180029780717                    100717000000000349075630940010801180000000000000000000000000000000000000000000000000000000000000000000000000000000003490000000000000000000000000000000000000000000000000000010000000000000          0000781177065200000000000000000000000000000000000000000013
1022542123500018830940000316741000000                         00000001791001000000DM 00000000000000000000 01090801180030180717                    100717000000000349075630940010801180000000000000000000000000000000000000000000000000000000000000000000000000000000003490000000000000000000000000000000000000000000000000000010000000000000          0000706059360800000000000000000000000000000000000000000014
1022542123500018830940000316741000000                         00000002322401000000DM 00000000000000000000 01090801180004270717                    100717000000000294075630940010801180000000000000000000000000000000000000000000000000000000000000000000000000000000002940000000000000000000000000000000000000000000000000000010000000000000          0000329979965700000000000000000000000000000000000000000015
1022542123500018830940000316741000000                         00000001347901000000DM 00000000000000000000 01090801180022730717                    100717000000000349075630940010801180000000000000000000000000000000000000000000000000000000000000000000000000000000003490000000000000000000000000000000000000000000000000000010000000000000          0008144163060000000000000000000000000000000000000000000016
1022542123500018830940000316741000000                         00000001866801000000DM 00000000000000000000 01090801180030350717                    100717000000000349075630940010801180000000000000000000000000000000000000000000000000000000000000000000000000000000003490000000000000000000000000000000000000000000000000000010000000000000          0001014402069600000000000000000000000000000000000000000017
1022542123500018830940000316741000000                         00000001611001000000DM 00000000000000000000 01090801180029020717                    100717000000000349075630940010801180000000000000000000000000000000000000000000000000000000000000000000000000000000003490000000000000000000000000000000000000000000000000000010000000000000          0001042612960100000000000000000000000000000000000000000018
1022542123500018830940000316741000000                         00000001671101000000DM 00000000000000000000 01090801180029630717                    100717000000000349075630940010801180000000000000000000000000000000000000000000000000000000000000000000000000000000003490000000000000000000000000000000000000000000000000000010000000000000          0000559499965500000000000000000000000000000000000000000019
1022542123500018830940000316741000000                         00000001683001000000DM 00000000000000000000 01090801180029680717                    100717000000000349075630940010801180000000000000000000000000000000000000000000000000000000000000000000000000000000003490000000000000000000000000000000000000000000000000000010000000000000          0000270724966100000000000000000000000000000000000000000020
1022542123500018830940000316741000000                         00000002448701000000DM 00000000000000000000 01090801180006720717                    100717000000000294075630940010801180000000000000000000000000000000000000000000000000000000000000000000000000000000002940000000000000000000000000000000000000000000000000000010000000000000          0001612675069100000000000000000000000000000000000000000021
1022542123500018830940000316741000000                         00000002460601000000DM 00000000000000000000 01090801180028170717                    100717000000000349075630940010801180000000000000000000000000000000000000000000000000000000000000000000000000000000003490000000000000000000000000000000000000000000000000000010000000000000          0006612029269100000000000000000000000000000000000000000022
1022542123500018830940000316741000000                         00000002644101000000DM 00000000000000000000 01090801180029060717                    100717000000000349075630940010801180000000000000000000000000000000000000000000000000000000000000000000000000000000003490000000000000000000000000000000000000000000000000000010000000000000          0007331229087200000000000000000000000000000000000000000023
1022542123500018830940000316741000000                         00000002298101000000DM 00000000000000000000 01090801180015250717                    100717000000000294075630940010801180000000000000000000000000000000000000000000000000000000000000000000000000000000002940000000000000000000000000000000000000000000000000000010000000000000          0000129208361100000000000000000000000000000000000000000024
1022542123500018830940000316741000000                         00000002310601000000DM 00000000000000000000 01090801180015560717                    100717000000000294075630940010801180000000000000000000000000000000000000000000000000000000000000000000000000000000002940000000000000000000000000000000000000000000000000000010000000000000          0006112200961500000000000000000000000000000000000000000025
1022542123500018830940000316741000000                         00000000999301000000DM 00000000000000000000 01090801180024540717                    100717000000000349075630940010801180000000000000000000000000000000000000000000000000000000000000000000000000000000003490000000000000000000000000000000000000000000000000000010000000000000          0000847276465600000000000000000000000000000000000000000026
1022542123500018830940000316741000000                         00000000543401000000DM 00000000000000000000 01090801180001540717                    100717000000000294075630940010801180000000000000000000000000000000000000000000000000000000000000000000000000000000002940000000000000000000000000000000000000000000000000000010000000000000          0008246321269100000000000000000000000000000000000000000027
1022542123500018830940000316741000000                         00000001023701000000DM 00000000000000000000 01090801180024790717                    100717000000000349075630940010801180000000000000000000000000000000000000000000000000000000000000000000000000000000003490000000000000000000000000000000000000000000000000000010000000000000          0000302933999800000000000000000000000000000000000000000028
1022542123500018830940000316741000000                         00000001071001000000DM 00000000000000000000 01090801180015680717                    100717000000000294075630940010801180000000000000000000000000000000000000000000000000000000000000000000000000000000002940000000000000000000000000000000000000000000000000000010000000000000          0009028457763400000000000000000000000000000000000000000029
1022542123500018830940000316741000000                         00000001647401000000DM 00000000000000000000 01090801180029260717                    100717000000000349075630940010801180000000000000000000000000000000000000000000000000000000000000000000000000000000003490000000000000000000000000000000000000000000000000000010000000000000          0001299792766800000000000000000000000000000000000000000030
1022542123500018830940000316741000000                         00000001767301000000DM 00000000000000000000 01090801180030110717                    100717000000000349075630940010801180000000000000000000000000000000000000000000000000000000000000000000000000000000003490000000000000000000000000000000000000000000000000000010000000000000          0001104048469700000000000000000000000000000000000000000031
1022542123500018830940000316741000000                         00000001902901000000DM 00000000000000000000 01090801180030380717                    100717000000000349075630940010801180000000000000000000000000000000000000000000000000000000000000000000000000000000003490000000000000000000000000000000000000000000000000000010000000000000          0000390944564000000000000000000000000000000000000000000032
1022542123500018830940000316741000000                         00000002566101000000DM 00000000000000000000 01090801180029490717                    100717000000000349075630940010801180000000000000000000000000000000000000000000000000000000000000000000000000000000003490000000000000000000000000000000000000000000000000000010000000000000          0007246053964900000000000000000000000000000000000000000033
1022542123500018830940000316741000000                         00000002898201000000DM 00000000000000000000 01060801180004530118                    100118000000000374010400970010801180000250000000000000000000000000000000000000000000000000000000000000000000000000003740000000000000000000000000000000000000000000000000000010000000000000          0000786278560600000000000000000000000000000000000000000034
1022542123500018830940000316741000000                         00000003118001000000DM 00000000000000000000 01060801180005190118                    100118000000000324010400970010801180000250000000000000000000000000000000000000000000000000000000000000000000000000003240000000000000000000000000000000000000000000000000000010000000000000          0007188477760000000000000000000000000000000000000000000035
1022542123500018830940000316741000000                         00000003502001000000DM 00000000000000000000 01060801180017340118                    100118000000000324010400970010801180000250000000000000000000000000000000000000000000000000000000000000000000000000003240000000000000000000000000000000000000000000000000000010000000000000          0006300667766800000000000000000000000000000000000000000036
1022542123500018830940000316741000000                         00000003514801000000DM 00000000000000000000 01060801180017750118                    100118000000000324010400970010801180000250000000000000000000000000000000000000000000000000000000000000000000000000003240000000000000000000000000000000000000000000000000000010000000000000          0002729843469100000000000000000000000000000000000000000037
1022542123500018830940000316741000000                         00000003190001000000DM 00000000000000000000 01060801180009530118                    100118000000000324010400970010801180000250000000000000000000000000000000000000000000000000000000000000000000000000003240000000000000000000000000000000000000000000000000000010000000000000          0004361846464900000000000000000000000000000000000000000038
1022542123500018830940000316741000000                         00000000783201000000DM 00000000000000000000 01090801180010740717                    100717000000000349075630940010801180000000000000000000000000000000000000000000000000000000000000000000000000000000003490000000000000000000000000000000000000000000000000000010000000000000          0008537504769100000000000000000000000000000000000000000039
1022542123500018830940000316741000000                         00000000843001000000DM 00000000000000000000 01090801180011390717                    100717000000000294075630940010801180000000000000000000000000000000000000000000000000000000000000000000000000000000002940000000000000000000000000000000000000000000000000000010000000000000          0009651106069100000000000000000000000000000000000000000040
1022542123500018830940000316741000000                         00000001431301000000DM 00000000000000000000 01090801180023870717                    100717000000000349075630940010801180000000000000000000000000000000000000000000000000000000000000000000000000000000003490000000000000000000000000000000000000000000000000000010000000000000          0009654065665300000000000000000000000000000000000000000041
1022542123500018830940000316741000000                         00000002010001000000DM 00000000000000000000 01090801180025930717                    100717000000000349075630940010801180000000000000000000000000000000000000000000000000000000000000000000000000000000003490000000000000000000000000000000000000000000000000000010000000000000          0008715200264900000000000000000000000000000000000000000042
1022542123500018830940000316741000000                         00000000312201000000DM 00000000000000000000 01090801180004230717                    100717000000000294075630940010801180000000000000000000000000000000000000000000000000000000000000000000000000000000002940000000000000000000000000000000000000000000000000000010000000000000          0005724833867200000000000000000000000000000000000000000043
1022542123500018830940000316741000000                         00000000903701000000DM 00000000000000000000 01090801180012280717                    100717000000000349075630940010801180000000000000000000000000000000000000000000000000000000000000000000000000000000003490000000000000000000000000000000000000000000000000000010000000000000          0000488266564600000000000000000000000000000000000000000044
1022542123500018830940000316741000000                         00000000939101000000DM 00000000000000000000 01090801180013510717                    100717000000000294075630940010801180000000000000000000000000000000000000000000000000000000000000000000000000000000002940000000000000000000000000000000000000000000000000000010000000000000          0009006468266800000000000000000000000000000000000000000045
1022542123500018830940000316741000000                         00000000951001000000DM 00000000000000000000 01090801180013890717                    100717000000000294075630940010801180000000000000000000000000000000000000000000000000000000000000000000000000000000002940000000000000000000000000000000000000000000000000000010000000000000          0000690262868800000000000000000000000000000000000000000046
1022542123500018830940000316741000000                         00000000975701000000DM 00000000000000000000 01090801180024350717                    100717000000000294075630940010801180000000000000000000000000000000000000000000000000000000000000000000000000000000002940000000000000000000000000000000000000000000000000000010000000000000          0008566563069100000000000000000000000000000000000000000047
1022542123500018830940000316741000000                         00000002338101000000DM 00000000000000000000 01090801180011100717                    100717000000000294075630940010801180000000000000000000000000000000000000000000000000000000000000000000000000000000002940000000000000000000000000000000000000000000000000000010000000000000          0005856618068200000000000000000000000000000000000000000048
1022542123500018830940000316741000000                         00000002350001000000DM 00000000000000000000 01090801180029790717                    100717000000000349075630940010801180000000000000000000000000000000000000000000000000000000000000000000000000000000003490000000000000000000000000000000000000000000000000000010000000000000          0000858497662000000000000000000000000000000000000000000049
1022542123500018830940000316741000000                         00000001575901000000DM 00000000000000000000 01090801180028940717                    100717000000000349075630940010801180000000000000000000000000000000000000000000000000000000000000000000000000000000003490000000000000000000000000000000000000000000000000000010000000000000          0007004592561500000000000000000000000000000000000000000050
1022542123500018830940000316741000000                         00000002154601000000DM 00000000000000000000 01090801180026890717                    100717000000000349075630940010801180000000000000000000000000000000000000000000000000000000000000000000000000000000003490000000000000000000000000000000000000000000000000000010000000000000          0000027534863600000000000000000000000000000000000000000051
1022542123500018830940000316741000000                         00000002202501000000DM 00000000000000000000 01090801180027360717                    100717000000000349075630940010801180000000000000000000000000000000000000000000000000000000000000000000000000000000003490000000000000000000000000000000000000000000000000000010000000000000          0006724457262000000000000000000000000000000000000000000052
1022542123500018830940000316741000000                         00000002374701000000DM 00000000000000000000 01090801180025310717                    100717000000000349075630940010801180000000000000000000000000000000000000000000000000000000000000000000000000000000003490000000000000000000000000000000000000000000000000000010000000000000          0000797618260900000000000000000000000000000000000000000053
1022542123500018830940000316741000000                         00000002435101000000DM 00000000000000000000 01090801180026590717                    100717000000000349075630940010801180000000000000000000000000000000000000000000000000000000000000000000000000000000003490000000000000000000000000000000000000000000000000000010000000000000          0001014914566700000000000000000000000000000000000000000054
1022542123500018830940000316741000000                         00000001035501000000DM 00000000000000000000 01090801180017830717                    100717000000000294075630940010801180000000000000000000000000000000000000000000000000000000000000000000000000000000002940000000000000000000000000000000000000000000000000000010000000000000          0007674540669100000000000000000000000000000000000000000055
1022542123500018830940000316741000000                         00000000469301000000DM 00000000000000000000 01090801180007400717                    100717000000000294075630940010801180000000000000000000000000000000000000000000000000000000000000000000000000000000002940000000000000000000000000000000000000000000000000000010000000000000          0005051206417200000000000000000000000000000000000000000056
1022542123500018830940000316741000000                         00000002555001000000DM 00000000000000000000 01090801180004910717                    100717000000000294075630940010801180000000000000000000000000000000000000000000000000000000000000000000000000000000002940000000000000000000000000000000000000000000000000000010000000000000          0002624052160400000000000000000000000000000000000000000057
1022542123500018830940000316741000000                         00000003962901000000DM 00000000000000000000 01060801180026710118                    100118000000000374010400970010801180000250000000000000000000000000000000000000000000000000000000000000000000000000003740000000000000000000000000000000000000000000000000000010000000000000          0005764341515300000000000000000000000000000000000000000058
1022542123500018830940000316741000000                         00000003034601000000DM 00000000000000000000 01060801180004160118                    100118000000000324034109440010801180000250000000000000000000000000000000000000000000000000000000000000000000000000003240000000000000000000000000000000000000000000000000000010000000000000          0009147587261500000000000000000000000000000000000000000059
1022542123500018830940000316741000000                         00000003154501000000DM 00000000000000000000 01060801180006480118                    100118000000000374010400970010801180000250000000000000000000000000000000000000000000000000000000000000000000000000003740000000000000000000000000000000000000000000000000000010000000000000          0001612677762000000000000000000000000000000000000000000060
1022542123500018830940000316741000000                         00000000228801000000DM 00000000000000000000 01090801180003210717                    100717000000000294075630940010801180000000000000000000000000000000000000000000000000000000000000000000000000000000002940000000000000000000000000000000000000000000000000000010000000000000          0001995483265300000000000000000000000000000000000000000061
1022542123500018830940000316741000000                         00000000120801000000DM 00000000000000000000 01090801180000480717                    100717000000000294075630940010801180000000000000000000000000000000000000000000000000000000000000000000000000000000002940000000000000000000000000000000000000000000000000000010000000000000          0005239992363400000000000000000000000000000000000000000062
1022542123500018830940000316741000000                         00000000687001000000DM 00000000000000000000 01090801180009500717                    100717000000000294075630940010801180000000000000000000000000000000000000000000000000000000000000000000000000000000002940000000000000000000000000000000000000000000000000000010000000000000          0002436214069700000000000000000000000000000000000000000063
1022542123500018830940000316741000000                         00000000723001000000DM 00000000000000000000 01090801180010140717                    100717000000000349075630940010801180000000000000000000000000000000000000000000000000000000000000000000000000000000003490000000000000000000000000000000000000000000000000000010000000000000          0005764752663400000000000000000000000000000000000000000064
1022542123500018830940000316741000000                         00000000795001000000DM 00000000000000000000 01090801180010920717                    100717000000000294075630940010801180000000000000000000000000000000000000000000000000000000000000000000000000000000002940000000000000000000000000000000000000000000000000000010000000000000          0007570230469100000000000000000000000000000000000000000065
1022542123500018830940000316741000000                         00000001515701000000DM 00000000000000000000 01090801180028310717                    100717000000000349075630940010801180000000000000000000000000000000000000000000000000000000000000000000000000000000003490000000000000000000000000000000000000000000000000000010000000000000          0000512998361000000000000000000000000000000000000000000066
1022542123500018830940000316741000000                         00000000867601000000DM 00000000000000000000 01090801180011880717                    100717000000000294075630940010801180000000000000000000000000000000000000000000000000000000000000000000000000000000002940000000000000000000000000000000000000000000000000000010000000000000          0009650926062000000000000000000000000000000000000000000067
1022542123500018830940000316741000000                         00000000397801000000DM 00000000000000000000 01090801180006510717                    100717000000000294075630940010801180000000000000000000000000000000000000000000000000000000000000000000000000000000002940000000000000000000000000000000000000000000000000000010000000000000          0006345744697000000000000000000000000000000000000000000068
1022542123500018830940000316741000000                         00000001395201000000DM 00000000000000000000 01090801180023330717                    100717000000000349075630940010801180000000000000000000000000000000000000000000000000000000000000000000000000000000003490000000000000000000000000000000000000000000000000000010000000000000          0005961869865300000000000000000000000000000000000000000069
1022542123500018830940000316741000000                         00000001310701000000DM 00000000000000000000 01090801180030210617                    100717000000000319075630940010801180000000000000000000000000000000000000000000000000000000000000000000000000000000003190000000000000000000000000000000000000000000000000000010000000000000          0000821220462600000000000000000000000000000000000000000070
1022542123500018830940000316741000000                         00000004118901000000DM 00000000000000000000 01060801180004270118                    100118000000000324010400970010801180000250000000000000000000000000000000000000000000000000000000000000000000000000003240000000000000000000000000000000000000000000000000000010000000000000          0000329979965700000000000000000000000000000000000000000071
1022542123500018830940000316741000000                         00000004130801000000DM 00000000000000000000 01060801180027500118                    100118000000000374010400970010801180000250000000000000000000000000000000000000000000000000000000000000000000000000003740000000000000000000000000000000000000000000000000000010000000000000          0000282899960200000000000000000000000000000000000000000072
1022542123500018830940000316741000000                         00000003046401000000DM 00000000000000000000 01060801180008410118                    100118000000000324010400970010801180000250000000000000000000000000000000000000000000000000000000000000000000000000003240000000000000000000000000000000000000000000000000000010000000000000          0004459589168700000000000000000000000000000000000000000073
1022542123500018830940000316741000000                         00000000216001000000DM 00000000000000000000 01090801180003180717                    100717000000000294075630940010801180000000000000000000000000000000000000000000000000000000000000000000000000000000002940000000000000000000000000000000000000000000000000000010000000000000          0000949559261500000000000000000000000000000000000000000074
1022542123500018830940000316741000000                         00000000204101000000DM 00000000000000000000 01090801180002560717                    100717000000000294075630940010801180000000000000000000000000000000000000000000000000000000000000000000000000000000002940000000000000000000000000000000000000000000000000000010000000000000          0000474784860600000000000000000000000000000000000000000075
1022542123500018830940000316741000000                         00000000493001000000DM 00000000000000000000 01090801180007690717                    100717000000000294075630940010801180000000000000000000000000000000000000000000000000000000000000000000000000000000002940000000000000000000000000000000000000000000000000000010000000000000          0000557136962000000000000000000000000000000000000000000076
1022542123500018830940000316741000000                         00000001455001000000DM 00000000000000000000 01090801180027700717                    100717000000000349075630940010801180000000000000000000000000000000000000000000000000000000000000000000000000000000003490000000000000000000000000000000000000000000000000000010000000000000          0000890660760100000000000000000000000000000000000000000077
1022542123500018830940000316741000000                         00000002166401000000DM 00000000000000000000 01090801180027000717                    100717000000000349075630940010801180000000000000000000000000000000000000000000000000000000000000000000000000000000003490000000000000000000000000000000000000000000000000000010000000000000          0000487456467400000000000000000000000000000000000000000078
1022542123500018830940000316741000000                         00000000276101000000DM 00000000000000000000 01090801180004110717                    100717000000000349075630940010801180000000000000000000000000000000000000000000000000000000000000000000000000000000003490000000000000000000000000000000000000000000000000000010000000000000          0007246051260000000000000000000000000000000000000000000079
1022542123500018830940000316741000000                         00000000409101000000DM 00000000000000000000 01090801180006790717                    100717000000000349075630940010801180000000000000000000000000000000000000000000000000000000000000000000000000000000003490000000000000000000000000000000000000000000000000000010000000000000          0003619380163400000000000000000000000000000000000000000080
1022542123500018830940000316741000000                         00000000421001000000DM 00000000000000000000 01090801180007010717                    100717000000000294075630940010801180000000000000000000000000000000000000000000000000000000000000000000000000000000002940000000000000000000000000000000000000000000000000000010000000000000          0006529267760400000000000000000000000000000000000000000081
1022542123500018830940000316741000000                         00000001011901000000DM 00000000000000000000 01090801180024730717                    100717000000000349075630940010801180000000000000000000000000000000000000000000000000000000000000000000000000000000003490000000000000000000000000000000000000000000000000000010000000000000          0001603579869100000000000000000000000000000000000000000082
1022542123500018830940000316741000000                         00000001755501000000DM 00000000000000000000 01090801180029810717                    100717000000000349075630940010801180000000000000000000000000000000000000000000000000000000000000000000000000000000003490000000000000000000000000000000000000000000000000000010000000000000          0000866105069300000000000000000000000000000000000000000083
1022542123500018830940000316741000000                         00000002386501000000DM 00000000000000000000 01090801180002360717                    100717000000000349075630940010801180000000000000000000000000000000000000000000000000000000000000000000000000000000003490000000000000000000000000000000000000000000000000000010000000000000          0000569370264200000000000000000000000000000000000000000084
1022542123500018830940000316741000000                         00000001047301000000DM 00000000000000000000 01090801180025830717                    100717000000000349075630940010801180000000000000000000000000000000000000000000000000000000000000000000000000000000003490000000000000000000000000000000000000000000000000000010000000000000          0001065186460700000000000000000000000000000000000000000085
1022542123500018830940000316741000000                         00000001131801000000DM 00000000000000000000 01090801180016380717                    100717000000000294075630940010801180000000000000000000000000000000000000000000000000000000000000000000000000000000002940000000000000000000000000000000000000000000000000000010000000000000          0004897108160000000000000000000000000000000000000000000086
1022542123500018830940000316741000000                         00000001298201000000DM 00000000000000000000 01090801180030200617                    100717000000000319075630940010801180000000000000000000000000000000000000000000000000000000000000000000000000000000003190000000000000000000000000000000000000000000000000000010000000000000          0000859660265800000000000000000000000000000000000000000087
1022542123500018830940000316741000000                         00000002886401000000DM 00000000000000000000 01060801180004370118                    100118000000000324010400970010801180000250000000000000000000000000000000000000000000000000000000000000000000000000003240000000000000000000000000000000000000000000000000000010000000000000          0001313854565300000000000000000000000000000000000000000088
1022542123500018830940000316741000000                         00000003454001000000DM 00000000000000000000 01060801180015980118                    100118000000000324010400970010801180000250000000000000000000000000000000000000000000000000000000000000000000000000003240000000000000000000000000000000000000000000000000000010000000000000          0007886934067800000000000000000000000000000000000000000089
1022542123500018830940000316741000000                         00000000567001000000DM 00000000000000000000 01090801180008470717                    100717000000000349075630940010801180000000000000000000000000000000000000000000000000000000000000000000000000000000003490000000000000000000000000000000000000000000000000000010000000000000          0000150671660100000000000000000000000000000000000000000090
1022542123500018830940000316741000000                         00000000639601000000DM 00000000000000000000 01090801180005450717                    100717000000000294075630940010801180000000000000000000000000000000000000000000000000000000000000000000000000000000002940000000000000000000000000000000000000000000000000000010000000000000          0003013578866800000000000000000000000000000000000000000091
1022542123500018830940000316741000000                         00000000651501000000DM 00000000000000000000 01090801180005930717                    100717000000000294075630940010801180000000000000000000000000000000000000000000000000000000000000000000000000000000002940000000000000000000000000000000000000000000000000000010000000000000          0003023575860400000000000000000000000000000000000000000092
1022542123500018830940000316741000000                         00000001227001000000DM 00000000000000000000 01090801180022630717                    100717000000000294075630940010801180000000000000000000000000000000000000000000000000000000000000000000000000000000002940000000000000000000000000000000000000000000000000000010000000000000          0002485828563400000000000000000000000000000000000000000093
1022542123500018830940000316741000000                         00000000132601000000DM 00000000000000000000 01090801180000600717                    100717000000000349075630940010801180000000000000000000000000000000000000000000000000000000000000000000000000000000003490000000000000000000000000000000000000000000000000000010000000000000          0005496202167200000000000000000000000000000000000000000094
1022542123500018830940000316741000000                         00000001191001000000DM 00000000000000000000 01090801180017670717                    100717000000000294075630940010801180000000000000000000000000000000000000000000000000000000000000000000000000000000002940000000000000000000000000000000000000000000000000000010000000000000          0000314784764000000000000000000000000000000000000000000095
1022542123500018830940000316741000000                         00000001803401000000DM 00000000000000000000 01090801180030290717                    100717000000000349075630940010801180000000000000000000000000000000000000000000000000000000000000000000000000000000003490000000000000000000000000000000000000000000000000000010000000000000          0001252081260500000000000000000000000000000000000000000096
1022542123500018830940000316741000000                         00000001890501000000DM 00000000000000000000 01090801180030360717                    100717000000000349075630940010801180000000000000000000000000000000000000000000000000000000000000000000000000000000003490000000000000000000000000000000000000000000000000000010000000000000          0003618392060600000000000000000000000000000000000000000097
1022542123500018830940000316741000000                         00000001926501000000DM 00000000000000000000 01090801180025200717                    100717000000000349075630940010801180000000000000000000000000000000000000000000000000000000000000000000000000000000003490000000000000000000000000000000000000000000000000000010000000000000          0003021597866800000000000000000000000000000000000000000098
1022542123500018830940000316741000000                         00000001998501000000DM 00000000000000000000 01090801180025920717                    100717000000000349075630940010801180000000000000000000000000000000000000000000000000000000000000000000000000000000003490000000000000000000000000000000000000000000000000000010000000000000          0009838358266800000000000000000000000000000000000000000099
1022542123500018830940000316741000000                         00000001359701000000DM 00000000000000000000 01090801180022820717                    100717000000000294075630940010801180000000000000000000000000000000000000000000000000000000000000000000000000000000002940000000000000000000000000000000000000000000000000000010000000000000          0007188059365300000000000000000000000000000000000000000100
1022542123500018830940000316741000000                         00000001371601000000DM 00000000000000000000 01090801180023040717                    100717000000000349075630940010801180000000000000000000000000000000000000000000000000000000000000000000000000000000003490000000000000000000000000000000000000000000000000000010000000000000          0004225353567200000000000000000000000000000000000000000101
1022542123500018830940000316741000000                         00000002472401000000DM 00000000000000000000 01090801180026730717                    100717000000000349075630940010801180000000000000000000000000000000000000000000000000000000000000000000000000000000003490000000000000000000000000000000000000000000000000000010000000000000          0000945536569300000000000000000000000000000000000000000102
1022542123500018830940000316741000000                         00000002508401000000DM 00000000000000000000 01090801180030430717                    100717000000000349075630940010801180000000000000000000000000000000000000000000000000000000000000000000000000000000003490000000000000000000000000000000000000000000000000000010000000000000          0000394635469600000000000000000000000000000000000000000103
1022542123500018830940000316741000000                         00000003286201000000DM 00000000000000000000 01060801180012280118                    100118000000000374075630940010801180000250000000000000000000000000000000000000000000000000000000000000000000000000003740000000000000000000000000000000000000000000000000000010000000000000          0000488266564600000000000000000000000000000000000000000104
1022542123500018830940000316741000000                         00000001419401000000DM 00000000000000000000 01090801180023620717                    100717000000000294075630940010801180000000000000000000000000000000000000000000000000000000000000000000000000000000002940000000000000000000000000000000000000000000000000000010000000000000          0009217048054400000000000000000000000000000000000000000105
1022542123500018830940000316741000000                         00000002034701000000DM 00000000000000000000 01090801180025960717                    100717000000000349075630940010801180000000000000000000000000000000000000000000000000000000000000000000000000000000003490000000000000000000000000000000000000000000000000000010000000000000          0009277829168700000000000000000000000000000000000000000106
1022542123500018830940000316741000000                         00000000663301000000DM 00000000000000000000 01090801180006480717                    100717000000000349075630940010801180000000000000000000000000000000000000000000000000000000000000000000000000000000003490000000000000000000000000000000000000000000000000000010000000000000          0001612677762000000000000000000000000000000000000000000107
1022542123500018830940000316741000000                         00000000735901000000DM 00000000000000000000 01090801180010200717                    100717000000000349075630940010801180000000000000000000000000000000000000000000000000000000000000000000000000000000003490000000000000000000000000000000000000000000000000000010000000000000          0003616071763400000000000000000000000000000000000000000108
1022542123500018830940000316741000000                         00000001179001000000DM 00000000000000000000 01090801180017410717                    100717000000000294075630940010801180000000000000000000000000000000000000000000000000000000000000000000000000000000002940000000000000000000000000000000000000000000000000000010000000000000          0000580980162500000000000000000000000000000000000000000109
1022542123500018830940000316741000000                         00000001830301000000DM 00000000000000000000 01090801180030400717                    100717000000000349075630940010801180000000000000000000000000000000000000000000000000000000000000000000000000000000003490000000000000000000000000000000000000000000000000000010000000000000          0009240028064900000000000000000000000000000000000000000110
1022542123500018830940000316741000000                         00000001974901000000DM 00000000000000000000 01090801180025770717                    100717000000000349075630940010801180000000000000000000000000000000000000000000000000000000000000000000000000000000003490000000000000000000000000000000000000000000000000000010000000000000          0003225644269100000000000000000000000000000000000000000111
1022542123500018830940000316741000000                         00000002484201000000DM 00000000000000000000 01090801180029720717                    100717000000000319075630940010801180000000000000000000000000000000000000000000000000000000000000000000000000000000003190000000000000000000000000000000000000000000000000000010000000000000          0001294552163600000000000000000000000000000000000000000112
1022542123500018830940000316741000000                         00000003693101000000DM 00000000000000000000 01060801180029010118                    100118000000000374010400970010801180000250000000000000000000000000000000000000000000000000000000000000000000000000003740000000000000000000000000000000000000000000000000000010000000000000          0002483652468700000000000000000000000000000000000000000113
1022542123500018830940000316741000000                         00000004106001000000DM 00000000000000000000 01060801180015230118                    100118000000000324010400970010801180000250000000000000000000000000000000000000000000000000000000000000000000000000003240000000000000000000000000000000000000000000000000000010000000000000          0003225778362000000000000000000000000000000000000000000114
9027563094SICOOB CREDIARA          RUA MARIA RITA DE AGUIAR                          CENTRO                        38183236ARAXÁ                         MG090120180000011300000000113                                                                                                                                                                                                                    000115
