02RETORNO01COBRANÇA       30940000327964316741J REZENDE - ME                756 - BANCOOB S/A 1001180000193                                                                                                                                                                                                                                                                                               000001
1022542123500018830940000316741000000                         00000002998401000000DM 00000000000000000000 01060901180007200118                    100118000000000324063400190010901180000250000000000000000000000000000000000000000000000000000000000000000000000000003240000000000000000000000000000000000000000000000000000010000000000000          0003609756063000000000000000000000000000000000000000000002
1022542123500018830940000316741000000                         00000003657601000000DM 00000000000000000000 01060901180028820118                    100118000000000374010400970010901180000250000000000000000000000000000000000000000000000000000000000000000000000000003740000000000000000000000000000000000000000000000000000010000000000000          0002486093060600000000000000000000000000000000000000000003
1022542123500018830940000316741000000                         00000003938101000000DM 00000000000000000000 01060901180026060118                    100118000000000374010400970010901180000250000000000000000000000000000000000000000000000000000000000000000000000000003740000000000000000000000000000000000000000000000000000010000000000000          0004341197568700000000000000000000000000000000000000000004
1022542123500018830940000316741000000                         00000003753901000000DM 00000000000000000000 01060901180029700118                    100118000000000374010400970010901180000250000000000000000000000000000000000000000000000000000000000000000000000000003740000000000000000000000000000000000000000000000000000010000000000000          0000214486281800000000000000000000000000000000000000000005
1022542123500018830940000316741000000                         00000004046301000000DM 00000000000000000000 01060901180014430118                    100118000000000324010400970010901180000250000000000000000000000000000000000000000000000000000000000000000000000000003240000000000000000000000000000000000000000000000000000010000000000000          0000696140365400000000000000000000000000000000000000000006
1022542123500018830940000316741000000                         00000004082901000000DM 00000000000000000000 01060901180014700118                    100118000000000324010400970010901180000250000000000000000000000000000000000000000000000000000000000000000000000000003240000000000000000000000000000000000000000000000000000010000000000000          0008318973461500000000000000000000000000000000000000000007
1022542123500018830940000316741000000                         00000004488001000000DM 00000000000000000000 01060901181000081217                    100118000000002636063400190010901180000250000000000000000000000000000000000000000000000000000000000000000000000000026360000000000000000000000000000000000000000000000000000010000000000000          3874637600011200000000000000000000000000000000000000000008
1022542123500018830940000316741000000                         00000003358801000000DM 00000000000000000000 01060901180024530118                    100118000000000374010400970010901180000250000000000000000000000000000000000000000000000000000000000000000000000000003740000000000000000000000000000000000000000000000000000010000000000000          0003607094764900000000000000000000000000000000000000000009
1022542123500018830940000316741000000                         00000003419201000000DM 00000000000000000000 01060901180015610218                    100218000000000324010400970010901180000250000000000000000000000000000000000000000000000000000000000000000000000000003240000000000000000000000000000000000000000000000000000010000000000000          0000512874565100000000000000000000000000000000000000000010
1022542123500018830940000316741000000                         00000004250701000000DM 00000000000000000000 01060901180029060118                    100118000000000374010403540010901180000250000000000000000000000000000000000000000000000000000000000000000000000000003740000000000000000000000000000000000000000000000000000010000000000000          0007331229087200000000000000000000000000000000000000000011
1022542123500018830940000316741000000                         00000004094701000000DM 00000000000000000000 01060901180014950118                    100118000000000324010400970010901180000250000000000000000000000000000000000000000000000000000000000000000000000000003240000000000000000000000000000000000000000000000000000010000000000000          0000136752462800000000000000000000000000000000000000000012
1022542123500018830940000316741000000                         00000003466901000000DM 00000000000000000000 01060901180016360118                    100118000000000374010400970010901180000250000000000000000000000000000000000000000000000000000000000000000000000000003740000000000000000000000000000000000000000000000000000010000000000000          0004340692069100000000000000000000000000000000000000000013
1022542123500018830940000316741000000                         00000003609201000000DM 00000000000000000000 01060901180028150118                    100118000000000374010400970010901180000250000000000000000000000000000000000000000000000000000000000000000000000000003740000000000000000000000000000000000000000000000000000010000000000000          0001026372666500000000000000000000000000000000000000000014
1022542123500018830940000316741000000                         00000002850001000000DM 00000000000000000000 01060901180004140118                    100118000000000374003334670010901180000250000000000000000000000000000000000000000000000000000000000000000000000000003740000000000000000000000000000000000000000000000000000010000000000000          0000303613564200000000000000000000000000000000000000000015
1022542123500018830940000316741000000                         00000003106101000000DM 00000000000000000000 01060901180005350118                    100118000000000324010400970010901180000250000000000000000000000000000000000000000000000000000000000000000000000000003240000000000000000000000000000000000000000000000000000010000000000000          0000659773163800000000000000000000000000000000000000000016
9027563094SICOOB CREDIARA          RUA MARIA RITA DE AGUIAR                          CENTRO                        38183236ARAXÁ                         MG100120180000001500000000113                                                                                                                                                                                                                    000017
