02RETORNO01COBRANÇA       30940000327964316741J REZENDE - ME                756 - BANCOOB S/A 2201180000197                                                                                                                                                                                                                                                                                               000001
1022542123500018830940000316741000000                         00000003806401000000DM 00000000000000000000 01061701180010140118                    200118000000000374010400970011701180000250000000000000000000000000000000000000000000000000000000000000000000000000003740000000000000000000000000000000000000000000000000000010000000000000          0005764752663400000000000000000000000000000000000000000002
1022542123500018830940000316741000000                         00000003830101000000DM 00000000000000000000 01061901180030140118                    100118000000000374075630940011901180000250000000000000000000000000000000000000000000000000000000000000000000000000004122000000000038200000000000000000000000000000000000000010000000000000          0000506908968400000000000000000000000000000000000000000003
9027563094SICOOB CREDIARA          RUA MARIA RITA DE AGUIAR                          CENTRO                        38183236ARAXÁ                         MG220120180000000200000000113                                                                                                                                                                                                                    000004
