02RETORNO01COBRANÇA       30940000327964316741J REZENDE - ME                756 - BANCOOB S/A 1201180000195                                                                                                                                                                                                                                                                                               000001
1022542123500018830940000316741000000                         00000001273901000000DM 00000000000000000000 01061101180025541217                    100118000000000319003334670011101180000250000000000000000000000000000000000000000000000000000000000000000000000000003190000000000000000000000000000000000000000000000000000010000000000000          0006612599561500000000000000000000000000000000000000000002
9027563094SICOOB CREDIARA          RUA MARIA RITA DE AGUIAR                          CENTRO                        38183236ARAXÁ                         MG120120180000000100000000113                                                                                                                                                                                                                    000003
