02RETORNO01COBRANÇA       30940000327964316741INOVA TECNOLOGIA DE INFORMACAO756 - BANCOOB S/A 1602220000520                                                                                                                                                                                                                                                                                               000001
1022542123500018830940000316741000000                         00000007747001000000DM 00000000000000000000 01060902220030690222                    100222000000000420075630940010902220000250000000000000000000000000000000000000000000000000000000000000000000000000004200000000000000000000000000000000000000000000000000000010000000000000          0006037461660400000000000000000000000000000000000000000002
1022542123500018830940000316741000000                         00000007936301000000DM 00000000000000000000 01060902220011030122                    100122000000000400010400970010902220000250000000000000000000000000000000000000000000000000000000000000000000000000004004000000000000400000000000000000000000000000000000000010000000000000          0008715135969100000000000000000000000000000000000000000003
1022542123500018830940000316741000000                         00000007687301000000DM 00000000000000000000 01060802220025270222                    100222000000000420010400970010802220000250000000000000000000000000000000000000000000000000000000000000000000000000004200000000000000000000000000000000000000000000000000000010000000000000          0000677178867900000000000000000000000000000000000000000004
1022542123500018830940000316741000000                         00000007651901000000DM 00000000000000000000 01060802220016360222                    100222000000000420010400970010802220000250000000000000000000000000000000000000000000000000000000000000000000000000004200000000000000000000000000000000000000000000000000000010000000000000          0004340692069100000000000000000000000000000000000000000005
1022542123500018830940000316741000000                         00000007985401000000DM 00000000000000000000 01060802220005350222                    100222000000000400010400970010802220000250000000000000000000000000000000000000000000000000000000000000000000000000004000000000000000000000000000000000000000000000000000000010000000000000          0000659773163800000000000000000000000000000000000000000006
1022542123500018830940000316741000000                         00000007889101000000DM 00000000000000000000 01060702220014950222                    100222000000000400010400970010702220000250000000000000000000000000000000000000000000000000000000000000000000000000004000000000000000000000000000000000000000000000000000000010000000000000          0000136752462800000000000000000000000000000000000000000007
1022542123500018830940000316741000000                         00000006924601000000DM 00000000000000000000 01090702220004530821                    100821000000000400075630940010702220000100000000000000000000000000000000000000000000000000000000000000000000000000004000000000000000000000000000000000000000000000000000000010000000000000          0000786278560600000000000000000000000000000000000000000008
1022542123500018830940000316741000000                         00000007044601000000DM 00000000000000000000 01090702220004140821                    100821000000000400075630940010702220000100000000000000000000000000000000000000000000000000000000000000000000000000004000000000000000000000000000000000000000000000000000000010000000000000          0000303613564200000000000000000000000000000000000000000009
1022542123500018830940000316741000000                         00000007080101000000DM 00000000000000000000 01090702220027000821                    100821000000000400075630940010702220000100000000000000000000000000000000000000000000000000000000000000000000000000004000000000000000000000000000000000000000000000000000000010000000000000          0000487456467400000000000000000000000000000000000000000010
1022542123500018830940000316741000000                         00000007092001000000DM 00000000000000000000 01090702220022820821                    100821000000000380075630940010702220000100000000000000000000000000000000000000000000000000000000000000000000000000003800000000000000000000000000000000000000000000000000000010000000000000          0007188059365300000000000000000000000000000000000000000011
1022542123500018830940000316741000000                         00000007104301000000DM 00000000000000000000 01090702220027130821                    100821000000000400075630940010702220000100000000000000000000000000000000000000000000000000000000000000000000000000004000000000000000000000000000000000000000000000000000000010000000000000          0009652261564900000000000000000000000000000000000000000012
1022542123500018830940000316741000000                         00000007128001000000DM 00000000000000000000 01090702220004270821                    100821000000000380075630940010702220000100000000000000000000000000000000000000000000000000000000000000000000000000003800000000000000000000000000000000000000000000000000000010000000000000          0000329979965700000000000000000000000000000000000000000013
1022542123500018830940000316741000000                         00000007176301000000DM 00000000000000000000 01090702220015980821                    100821000000000380075630940010702220000100000000000000000000000000000000000000000000000000000000000000000000000000003800000000000000000000000000000000000000000000000000000010000000000000          0007886934067800000000000000000000000000000000000000000014
1022542123500018830940000316741000000                         00000007188101000000DM 00000000000000000000 01090702220010620821                    100821000000000380075630940010702220000100000000000000000000000000000000000000000000000000000000000000000000000000003800000000000000000000000000000000000000000000000000000010000000000000          0000055756263500000000000000000000000000000000000000000015
1022542123500018830940000316741000000                         00000007224201000000DM 00000000000000000000 01090702220029630821                    100821000000000400075630940010702220000100000000000000000000000000000000000000000000000000000000000000000000000000004000000000000000000000000000000000000000000000000000000010000000000000          0000559499965500000000000000000000000000000000000000000016
1022542123500018830940000316741000000                         00000007284401000000DM 00000000000000000000 01090702220010210821                    100821000000000380075630940010702220000100000000000000000000000000000000000000000000000000000000000000000000000000003800000000000000000000000000000000000000000000000000000010000000000000          0007187518269100000000000000000000000000000000000000000017
1022542123500018830940000316741000000                         00000007320501000000DM 00000000000000000000 01090702220010920821                    100821000000000380075630940010702220000100000000000000000000000000000000000000000000000000000000000000000000000000003800000000000000000000000000000000000000000000000000000010000000000000          0007570230469100000000000000000000000000000000000000000018
1022542123500018830940000316741000000                         00000007368801000000DM 00000000000000000000 01090702220004160821                    100821000000000380075630940010702220000100000000000000000000000000000000000000000000000000000000000000000000000000003800000000000000000000000000000000000000000000000000000010000000000000          0009147587261500000000000000000000000000000000000000000019
1022542123500018830940000316741000000                         00000007392501000000DM 00000000000000000000 01090702220004910821                    100821000000000380075630940010702220000100000000000000000000000000000000000000000000000000000000000000000000000000003800000000000000000000000000000000000000000000000000000010000000000000          0002624052160400000000000000000000000000000000000000000020
1022542123500018830940000316741000000                         00000007404901000000DM 00000000000000000000 01090702220005930821                    100821000000000380075630940010702220000100000000000000000000000000000000000000000000000000000000000000000000000000003800000000000000000000000000000000000000000000000000000010000000000000          0003023575860400000000000000000000000000000000000000000021
1022542123500018830940000316741000000                         00000007416701000000DM 00000000000000000000 01090702220028810821                    100821000000000400075630940010702220000100000000000000000000000000000000000000000000000000000000000000000000000000004000000000000000000000000000000000000000000000000000000010000000000000          0002729612165300000000000000000000000000000000000000000022
1022542123500018830940000316741000000                         00000007439601000000DM 00000000000000000000 01090702220022630821                    100821000000000380075630940010702220000100000000000000000000000000000000000000000000000000000000000000000000000000003800000000000000000000000000000000000000000000000000000010000000000000          0002485828563400000000000000000000000000000000000000000023
1022542123500018830940000316741000000                         00000007451501000000DM 00000000000000000000 01090702220030850821                    100821000000000400075630940010702220000100000000000000000000000000000000000000000000000000000000000000000000000000004000000000000000000000000000000000000000000000000000000010000000000000          0000408716762300000000000000000000000000000000000000000024
1022542123500018830940000316741000000                         00000007495901000000DM 00000000000000000000 01090702220029710821                    100821000000000400075630940010702220000100000000000000000000000000000000000000000000000000000000000000000000000000004000000000000000000000000000000000000000000000000000000010000000000000          0002729840060600000000000000000000000000000000000000000025
1022542123500018830940000316741000000                         00000007565001000000DM 00000000000000000000 01090702221000180721                    100821000000004090075630940010702220000100000000000000000000000000000000000000000000000000000000000000000000000000040900000000000000000000000000000000000000000000000000000010000000000000          1823706600016500000000000000000000000000000000000000000026
1022542123500018830940000316741000000                         00000007711601000000DM 00000000000000000000 01060702220028150222                    100222000000000420010400970010702220000250000000000000000000000000000000000000000000000000000000000000000000000000004200000000000000000000000000000000000000000000000000000010000000000000          0001026372666500000000000000000000000000000000000000000027
1022542123500018830940000316741000000                         00000007275801000000DM 00000000000000000000 01060702220010481121                    101121000000000400010400970010702220000250000000000000000000000000000000000000000000000000000000000000000000000000004004000000000000400000000000000000000000000000000000000010000000000000          0000027554260200000000000000000000000000000000000000000028
1022542123500018830940000316741000000                         00000007901601000000DM 00000000000000000000 01060702220005190222                    100222000000000400010400970010702220000250000000000000000000000000000000000000000000000000000000000000000000000000004000000000000000000000000000000000000000000000000000000010000000000000          0007188477760000000000000000000000000000000000000000000029
1022542123500018830940000316741000000                         00000007603501000000DM 00000000000000000000 01060702220006480222                    100222000000000420010400970010702220000250000000000000000000000000000000000000000000000000000000000000000000000000004200000000000000000000000000000000000000000000000000000010000000000000          0001612677762000000000000000000000000000000000000000000030
1022542123500018830940000316741000000                         00000007614601000000DM 00000000000000000000 01060702220008470122                    100122000000000420010400970010702220000250000000000000000000000000000000000000000000000000000000000000000000000000004204000000000000400000000000000000000000000000000000000010000000000000          0000150671660100000000000000000000000000000000000000000031
1022542123500018830940000316741000000                         00000007829001000000DM 00000000000000000000 01060702220035800222                    100222000000000420010400970010702220000250000000000000000000000000000000000000000000000000000000000000000000000000004200000000000000000000000000000000000000000000000000000010000000000000          0008803228063400000000000000000000000000000000000000000032
9027563094SICOOB CREDIARA          R D BOSCO                                         Centro                        38183228Araxá                         MG160220220000003100000000113                                                                                                                                                                                                                    000033
