02RETORNO01COBRANÇA       30940000327964316741INOVA TECNOLOGIA DE INFORMACAO756 - BANCOOB S/A 1602220000515                                                                                                                                                                                                                                                                                               000001
1022542123500018830940000316741000000                         00000007864801000000DM 00000000000000000000 01060301220011610122                    100122000000000400010400970010301220000250000000000000000000000000000000000000000000000000000000000000000000000000004000000000000000000000000000000000000000000000000000000010000000000000          0004342743060000000000000000000000000000000000000000000002
1022542123500018830940000316741000000                         00000007828201000000DM 00000000000000000000 01060301220035800122                    100122000000000420010400970010301220000250000000000000000000000000000000000000000000000000000000000000000000000000004200000000000000000000000000000000000000000000000000000010000000000000          0008803228063400000000000000000000000000000000000000000003
1022542123500018830940000316741000000                         00000007722701000000DM 00000000000000000000 01060301220028820122                    100122000000000420010400970010301220000250000000000000000000000000000000000000000000000000000000000000000000000000004200000000000000000000000000000000000000000000000000000010000000000000          0008182941865300000000000000000000000000000000000000000004
9027563094SICOOB CREDIARA          R D BOSCO                                         Centro                        38183228Araxá                         MG160220220000000300000000113                                                                                                                                                                                                                    000005
