02RETORNO01COBRANÇA       30940000327964316741INOVA TECNOLOGIA DE INFORMACAO756 - BANCOOB S/A 1602220000517                                                                                                                                                                                                                                                                                               000001
1022542123500018830940000316741000000                         00000007972901000000DM 00000000000000000000 01061701220004160122                    100122000000000400008100010011701220000250000000000000000000000000000000000000000000000000000000000000000000000000004004000000000000400000000000000000000000000000000000000010000000000000          0009147587261500000000000000000000000000000000000000000002
1022542123500018830940000316741000000                         00000007084001000000DM 00000000000000000000 01061701220027001221                    101221000000000400010400970011701220000250000000000000000000000000000000000000000000000000000000000000000000000000004004000000000000400000000000000000000000000000000000000010000000000000          0000487456467400000000000000000000000000000000000000000003
1022542123500018830940000316741000000                         00000007763901000000DM 00000000000000000000 01061701220027000622                    100622000000000420010400970011701220000250000000000000000000000000000000000000000000000000000000000000000000000000004200000000000000000000000000000000000000000000000000000010000000000000          0000487456467400000000000000000000000000000000000000000004
1022542123500018830940000316741000000                         00000007083301000000DM 00000000000000000000 01061701220027001121                    101121000000000400010400970011701220000250000000000000000000000000000000000000000000000000000000000000000000000000004004000000000000400000000000000000000000000000000000000010000000000000          0000487456467400000000000000000000000000000000000000000005
1022542123500018830940000316741000000                         00000007516901000000DM 00000000000000000000 01061401220035750122                    100122000000000400010400970011401220000250000000000000000000000000000000000000000000000000000000000000000000000000004004000000000000400000000000000000000000000000000000000010000000000000          0000188321888800000000000000000000000000000000000000000006
1022542123500018830940000316741000000                         00000008048401000000DM 00000000000000000000 01061301221000251221                    100122000000000846010400970011301220000250000000000000000000000000000000000000000000000000000000000000000000000000008468000000000000800000000000000000000000000000000000000010000000000000          2604146700017300000000000000000000000000000000000000000007
1022542123500018830940000316741000000                         00000007627101000000DM 00000000000000000000 01061201220010140222                    100222000000000420010400970011201220000250000000000000000000000000000000000000000000000000000000000000000000000000004200000000000000000000000000000000000000000000000000000010000000000000          0005764752663400000000000000000000000000000000000000000008
9027563094SICOOB CREDIARA          R D BOSCO                                         Centro                        38183228Araxá                         MG160220220000000700000000113                                                                                                                                                                                                                    000009
