02RETORNO01COBRANÇA       30940000327964316741INOVA TECNOLOGIA DE INFORMACAO756 - BANCOOB S/A 1602220000521                                                                                                                                                                                                                                                                                               000001
1022542123500018830940000316741000000                         00000007973601000000DM 00000000000000000000 01061402220004160222                    100222000000000400008100010011402220000250000000000000000000000000000000000000000000000000000000000000000000000000004004000000000000400000000000000000000000000000000000000010000000000000          0009147587261500000000000000000000000000000000000000000002
1022542123500018830940000316741000000                         00000007662001000000DM 00000000000000000000 01061102220023040122                    100122000000000420010400970011102220000250000000000000000000000000000000000000000000000000000000000000000000000000004204000000000000400000000000000000000000000000000000000010000000000000          0004225353567200000000000000000000000000000000000000000003
1022542123500018830940000316741000000                         00000007663701000000DM 00000000000000000000 01061102220023040222                    100222000000000420010400970011102220000250000000000000000000000000000000000000000000000000000000000000000000000000004204000000000000400000000000000000000000000000000000000010000000000000          0004225353567200000000000000000000000000000000000000000004
1022542123500018830940000316741000000                         00000007795401000000DM 00000000000000000000 01061002220004530222                    100222000000000420010400970011002220000250000000000000000000000000000000000000000000000000000000000000000000000000004200000000000000000000000000000000000000000000000000000010000000000000          0000786278560600000000000000000000000000000000000000000005
1022542123500018830940000316741000000                         00000007735201000000DM 00000000000000000000 01061002220029010222                    100222000000000420010400970011002220000250000000000000000000000000000000000000000000000000000000000000000000000000004200000000000000000000000000000000000000000000000000000010000000000000          0002483652468700000000000000000000000000000000000000000006
1022542123500018830940000316741000000                         00000007913401000000DM 00000000000000000000 01061002220009010222                    100222000000000400010400970011002220000250000000000000000000000000000000000000000000000000000000000000000000000000004000000000000000000000000000000000000000000000000000000010000000000000          0009470166060400000000000000000000000000000000000000000007
9027563094SICOOB CREDIARA          R D BOSCO                                         Centro                        38183228Araxá                         MG160220220000000600000000113                                                                                                                                                                                                                    000008
