02RETORNO01COBRANÇA       30940000327964316741INOVA TECNOLOGIA DE INFORMACAO756 - BANCOOB S/A 1602220000514                                                                                                                                                                                                                                                                                               000001
1022542123500018830940000316741000000                         00000007590401000000DM 00000000000000000000 01063012210002360122                    100122000000000420010400970013012210000250000000000000000000000000000000000000000000000000000000000000000000000000004200000000000000000000000000000000000000000000000000000010000000000000          0000569370264200000000000000000000000000000000000000000002
1022542123500018830940000316741000000                         00000007240001000000DM 00000000000000000000 01062912210022691221                    101221000000000400010400970012912210000250000000000000000000000000000000000000000000000000000000000000000000000000004004000000000000400000000000000000000000000000000000000010000000000000          0006307307269100000000000000000000000000000000000000000003
1022542123500018830940000316741000000                         00000007252901000000DM 00000000000000000000 01062912210005451221                    101221000000000380010400970012912210000250000000000000000000000000000000000000000000000000000000000000000000000000003803000000000000300000000000000000000000000000000000000010000000000000          0003013578866800000000000000000000000000000000000000000004
1022542123500018830940000316741000000                         00000007264701000000DM 00000000000000000000 01062812210013891221                    281221000000000380000102100012812210000250000000000000000000000000000000000000000000000000000000000000000000000000003800000000000000000000000000000000000000000000000000000010000000000000          0000690262868800000000000000000000000000000000000000000005
9027563094SICOOB CREDIARA          R D BOSCO                                         Centro                        38183228Araxá                         MG160220220000000400000000113                                                                                                                                                                                                                    000006
