02RETORNO01COBRANÇA       30940000327964316741INOVA TECNOLOGIA DE INFORMACAO756 - BANCOOB S/A 1602220000519                                                                                                                                                                                                                                                                                               000001
1022542123500018830940000316741000000                         00000007699101000000DM 00000000000000000000 01060202220026740222                    100222000000000420010400970010202220000250000000000000000000000000000000000000000000000000000000000000000000000000004200000000000000000000000000000000000000000000000000000010000000000000          0000954360460600000000000000000000000000000000000000000002
1022542123500018830940000316741000000                         00000007877301000000DM 00000000000000000000 01060202220014580222                    100222000000000400010400970010202220000250000000000000000000000000000000000000000000000000000000000000000000000000004000000000000000000000000000000000000000000000000000000010000000000000          0002361630010000000000000000000000000000000000000000000003
1022542123500018830940000316741000000                         00000007591101000000DM 00000000000000000000 01060102220002360222                    100222000000000420010400970010102220000250000000000000000000000000000000000000000000000000000000000000000000000000004200000000000000000000000000000000000000000000000000000010000000000000          0000569370264200000000000000000000000000000000000000000004
1022542123500018830940000316741000000                         00000007723401000000DM 00000000000000000000 01060102220028820222                    100222000000000420010400970010102220000250000000000000000000000000000000000000000000000000000000000000000000000000004200000000000000000000000000000000000000000000000000000010000000000000          0008182941865300000000000000000000000000000000000000000005
1022542123500018830940000316741000000                         00000007865501000000DM 00000000000000000000 01060102220011610222                    100222000000000400010400970010102220000250000000000000000000000000000000000000000000000000000000000000000000000000004000000000000000000000000000000000000000000000000000000010000000000000          0004342743060000000000000000000000000000000000000000000006
1022542123500018830940000316741000000                         00000007675501000000DM 00000000000000000000 01063101220024530222                    100222000000000420010400970013101220000250000000000000000000000000000000000000000000000000000000000000000000000000004200000000000000000000000000000000000000000000000000000010000000000000          0003607094764900000000000000000000000000000000000000000007
9027563094SICOOB CREDIARA          R D BOSCO                                         Centro                        38183228Araxá                         MG160220220000000600000000113                                                                                                                                                                                                                    000008
