02RETORNO01COBRANÇA       30940000327964316741INOVA TECNOLOGIA DE INFORMACAO756 - BANCOOB S/A 1602220000518                                                                                                                                                                                                                                                                                               000001
1022542123500018830940000316741000000                         00000007782901000000DM 00000000000000000000 01062801220022690122                    100122000000000420010400970012801220000250000000000000000000000000000000000000000000000000000000000000000000000000004204000000000000400000000000000000000000000000000000000010000000000000          0006307307269100000000000000000000000000000000000000000002
1022542123500018830940000316741000000                         00000007852001000000DM 00000000000000000000 01062501220013890122                    100122000000000420010400970012501220000250000000000000000000000000000000000000000000000000000000000000000000000000004204000000000000400000000000000000000000000000000000000010000000000000          0000690262868800000000000000000000000000000000000000000003
9027563094SICOOB CREDIARA          R D BOSCO                                         Centro                        38183228Araxá                         MG160220220000000200000000113                                                                                                                                                                                                                    000004
