02RETORNO01COBRANÇA       30940000327964316741INOVA TECNOLOGIA DE INFORMACAO756 - BANCOOB S/A 1602220000516                                                                                                                                                                                                                                                                                               000001
1022542123500018830940000316741000000                         00000007876601000000DM 00000000000000000000 01061101220014580122                    100122000000000400010400970011101220000250000000000000000000000000000000000000000000000000000000000000000000000000004004000000000000400000000000000000000000000000000000000010000000000000          0002361630010000000000000000000000000000000000000000000002
1022542123500018830940000316741000000                         00000007900901000000DM 00000000000000000000 01061101220005190122                    100122000000000400010400970011101220000250000000000000000000000000000000000000000000000000000000000000000000000000004004000000000000400000000000000000000000000000000000000010000000000000          0007188477760000000000000000000000000000000000000000000003
1022542123500018830940000316741000000                         00000007698401000000DM 00000000000000000000 01061001220026740122                    100122000000000420010400970011001220000250000000000000000000000000000000000000000000000000000000000000000000000000004200000000000000000000000000000000000000000000000000000010000000000000          0000954360460600000000000000000000000000000000000000000004
1022542123500018830940000316741000000                         00000007734501000000DM 00000000000000000000 01061001220029010122                    100122000000000420010400970011001220000250000000000000000000000000000000000000000000000000000000000000000000000000004200000000000000000000000000000000000000000000000000000010000000000000          0002483652468700000000000000000000000000000000000000000005
1022542123500018830940000316741000000                         00000008049101000000DM 00000000000000000000 01061001221000280122                    100122000000000558013657310011001220000250000000000000000000000000000000000000000000000000000000000000000000000000005580000000000000000000000000000000000000000000000000000010000000000000          0581273600018800000000000000000000000000000000000000000006
1022542123500018830940000316741000000                         00000007746301000000DM 00000000000000000000 01061001220030690122                    100122000000000420010400970011001220000250000000000000000000000000000000000000000000000000000000000000000000000000004200000000000000000000000000000000000000000000000000000010000000000000          0006037461660400000000000000000000000000000000000000000007
1022542123500018830940000316741000000                         00000007710901000000DM 00000000000000000000 01061001220028150122                    100122000000000420010400970011001220000250000000000000000000000000000000000000000000000000000000000000000000000000004200000000000000000000000000000000000000000000000000000010000000000000          0001026372666500000000000000000000000000000000000000000008
1022542123500018830940000316741000000                         00000007912701000000DM 00000000000000000000 01061001220009010122                    100122000000000400010400970011001220000250000000000000000000000000000000000000000000000000000000000000000000000000004000000000000000000000000000000000000000000000000000000010000000000000          0009470166060400000000000000000000000000000000000000000009
1022542123500018830940000316741000000                         00000008044501000000DM 00000000000000000000 01061001221000071221                    100122000000000400075684530011001220000250000000000000000000000000000000000000000000000000000000000000000000000000004000000000000000000000000000000000000000000000000000000010000000000000          7097303700069600000000000000000000000000000000000000000010
1022542123500018830940000316741000000                         00000007686601000000DM 00000000000000000000 01061001220025270122                    100122000000000420010400970011001220000250000000000000000000000000000000000000000000000000000000000000000000000000004200000000000000000000000000000000000000000000000000000010000000000000          0000677178867900000000000000000000000000000000000000000011
1022542123500018830940000316741000000                         00000008045201000000DM 00000000000000000000 01061001221000101221                    100122000000000800075684530011001220000250000000000000000000000000000000000000000000000000000000000000000000000000008000000000000000000000000000000000000000000000000000000010000000000000          7097303700034300000000000000000000000000000000000000000012
1022542123500018830940000316741000000                         00000008046001000000DM 00000000000000000000 01061001221000151221                    100122000000000400075684530011001220000250000000000000000000000000000000000000000000000000000000000000000000000000004000000000000000000000000000000000000000000000000000000010000000000000          7097303700093900000000000000000000000000000000000000000013
1022542123500018830940000316741000000                         00000007650101000000DM 00000000000000000000 01060701220016360122                    100122000000000420010400970010701220000250000000000000000000000000000000000000000000000000000000000000000000000000004200000000000000000000000000000000000000000000000000000010000000000000          0004340692069100000000000000000000000000000000000000000014
1022542123500018830940000316741000000                         00000007274001000000DM 00000000000000000000 01060701220010481021                    101021000000000400010400970010701220000250000000000000000000000000000000000000000000000000000000000000000000000000004004000000000000400000000000000000000000000000000000000010000000000000          0000027554260200000000000000000000000000000000000000000015
1022542123500018830940000316741000000                         00000007168401000000DM 00000000000000000000 01060701220008471221                    101221000000000400010400970010701220000250000000000000000000000000000000000000000000000000000000000000000000000000004004000000000000400000000000000000000000000000000000000010000000000000          0000150671660100000000000000000000000000000000000000000016
1022542123500018830940000316741000000                         00000007888401000000DM 00000000000000000000 01060701220014950122                    100122000000000400010400970010701220000250000000000000000000000000000000000000000000000000000000000000000000000000004000000000000000000000000000000000000000000000000000000010000000000000          0000136752462800000000000000000000000000000000000000000017
1022542123500018830940000316741000000                         00000007602801000000DM 00000000000000000000 01060701220006480122                    100122000000000420010400970010701220000250000000000000000000000000000000000000000000000000000000000000000000000000004200000000000000000000000000000000000000000000000000000010000000000000          0001612677762000000000000000000000000000000000000000000018
1022542123500018830940000316741000000                         00000006923901000000DM 00000000000000000000 01090701220004530721                    100721000000000400075630940010701220000100000000000000000000000000000000000000000000000000000000000000000000000000004000000000000000000000000000000000000000000000000000000010000000000000          0000786278560600000000000000000000000000000000000000000019
1022542123500018830940000316741000000                         00000007091201000000DM 00000000000000000000 01090701220022820721                    100721000000000380075630940010701220000100000000000000000000000000000000000000000000000000000000000000000000000000003800000000000000000000000000000000000000000000000000000010000000000000          0007188059365300000000000000000000000000000000000000000020
1022542123500018830940000316741000000                         00000007103601000000DM 00000000000000000000 01090701220027130721                    100721000000000400075630940010701220000100000000000000000000000000000000000000000000000000000000000000000000000000004000000000000000000000000000000000000000000000000000000010000000000000          0009652261564900000000000000000000000000000000000000000021
1022542123500018830940000316741000000                         00000007127201000000DM 00000000000000000000 01090701220004270721                    100721000000000380075630940010701220000100000000000000000000000000000000000000000000000000000000000000000000000000003800000000000000000000000000000000000000000000000000000010000000000000          0000329979965700000000000000000000000000000000000000000022
1022542123500018830940000316741000000                         00000007175601000000DM 00000000000000000000 01090701220015980721                    100721000000000380075630940010701220000100000000000000000000000000000000000000000000000000000000000000000000000000003800000000000000000000000000000000000000000000000000000010000000000000          0007886934067800000000000000000000000000000000000000000023
1022542123500018830940000316741000000                         00000007187401000000DM 00000000000000000000 01090701220010620721                    100721000000000380075630940010701220000100000000000000000000000000000000000000000000000000000000000000000000000000003800000000000000000000000000000000000000000000000000000010000000000000          0000055756263500000000000000000000000000000000000000000024
1022542123500018830940000316741000000                         00000007223501000000DM 00000000000000000000 01090701220029630721                    100721000000000400075630940010701220000100000000000000000000000000000000000000000000000000000000000000000000000000004000000000000000000000000000000000000000000000000000000010000000000000          0000559499965500000000000000000000000000000000000000000025
1022542123500018830940000316741000000                         00000007283701000000DM 00000000000000000000 01090701220010210721                    100721000000000380075630940010701220000100000000000000000000000000000000000000000000000000000000000000000000000000003800000000000000000000000000000000000000000000000000000010000000000000          0007187518269100000000000000000000000000000000000000000026
1022542123500018830940000316741000000                         00000007319701000000DM 00000000000000000000 01090701220010920721                    100721000000000380075630940010701220000100000000000000000000000000000000000000000000000000000000000000000000000000003800000000000000000000000000000000000000000000000000000010000000000000          0007570230469100000000000000000000000000000000000000000027
1022542123500018830940000316741000000                         00000007391801000000DM 00000000000000000000 01090701220004910721                    100721000000000380075630940010701220000100000000000000000000000000000000000000000000000000000000000000000000000000003800000000000000000000000000000000000000000000000000000010000000000000          0002624052160400000000000000000000000000000000000000000028
1022542123500018830940000316741000000                         00000007415001000000DM 00000000000000000000 01090701220028810721                    100721000000000400075630940010701220000100000000000000000000000000000000000000000000000000000000000000000000000000004000000000000000000000000000000000000000000000000000000010000000000000          0002729612165300000000000000000000000000000000000000000029
1022542123500018830940000316741000000                         00000007438901000000DM 00000000000000000000 01090701220022630721                    100721000000000380075630940010701220000100000000000000000000000000000000000000000000000000000000000000000000000000003800000000000000000000000000000000000000000000000000000010000000000000          0002485828563400000000000000000000000000000000000000000030
1022542123500018830940000316741000000                         00000007494101000000DM 00000000000000000000 01090701220029710721                    100721000000000400075630940010701220000100000000000000000000000000000000000000000000000000000000000000000000000000004000000000000000000000000000000000000000000000000000000010000000000000          0002729840060600000000000000000000000000000000000000000031
1022542123500018830940000316741000000                         00000007556301000000DM 00000000000000000000 01090701221000180621                    100721000000002720075630940010701220000100000000000000000000000000000000000000000000000000000000000000000000000000027200000000000000000000000000000000000000000000000000000010000000000000          1823706600016500000000000000000000000000000000000000000032
9027563094SICOOB CREDIARA          R D BOSCO                                         Centro                        38183228Araxá                         MG160220220000003100000000113                                                                                                                                                                                                                    000033
