02RETORNO01COBRANÇA       30940000327964316741INOVA TECNOLOGIA DE INFORMACAO756 - BANCOOB S/A 1602220000513                                                                                                                                                                                                                                                                                               000001
1022542123500018830940000316741000000                         00000007626401000000DM 00000000000000000000 01062212210010140122                    100122000000000420010400970012212210000250000000000000000000000000000000000000000000000000000000000000000000000000004200000000000000000000000000000000000000000000000000000010000000000000          0005764752663400000000000000000000000000000000000000000002
1022542123500018830940000316741000000                         00000006928501000000DM 00000000000000000000 01102112210004531221                    101221000000000400075630940012112210000100000000000000000000000000000000000000000000000000000000000000000000000000004000000000000000000000000000000000000000000000000000000010000000000000          0000786278560600000000000000000000000000000000000000000003
1022542123500018830940000316741000000                         00000006927801000000DM 00000000000000000000 01102112210004531121                    101121000000000400075630940012112210000100000000000000000000000000000000000000000000000000000000000000000000000000004000000000000000000000000000000000000000000000000000000010000000000000          0000786278560600000000000000000000000000000000000000000004
1022542123500018830940000316741000000                         00000007202001000000DM 00000000000000000000 01102112210008691021                    101021000000000380075630940012112210000100000000000000000000000000000000000000000000000000000000000000000000000000003800000000000000000000000000000000000000000000000000000010000000000000          0000027442861000000000000000000000000000000000000000000005
1022542123500018830940000316741000000                         00000007047801000000DM 00000000000000000000 01102112210004141121                    101121000000000400075630940012112210000100000000000000000000000000000000000000000000000000000000000000000000000000004000000000000000000000000000000000000000000000000000000010000000000000          0000303613564200000000000000000000000000000000000000000006
1022542123500018830940000316741000000                         00000007203801000000DM 00000000000000000000 01102112210008691121                    101121000000000380075630940012112210000100000000000000000000000000000000000000000000000000000000000000000000000000003800000000000000000000000000000000000000000000000000000010000000000000          0000027442861000000000000000000000000000000000000000000007
1022542123500018830940000316741000000                         00000007048501000000DM 00000000000000000000 01102112210004141221                    101221000000000400075630940012112210000100000000000000000000000000000000000000000000000000000000000000000000000000004000000000000000000000000000000000000000000000000000000010000000000000          0000303613564200000000000000000000000000000000000000000008
1022542123500018830940000316741000000                         00000007204501000000DM 00000000000000000000 01102112210008691221                    101221000000000380075630940012112210000100000000000000000000000000000000000000000000000000000000000000000000000000003800000000000000000000000000000000000000000000000000000010000000000000          0000027442861000000000000000000000000000000000000000000009
1022542123500018830940000316741000000                         00000007095101000000DM 00000000000000000000 01102112210022821121                    101121000000000380075630940012112210000100000000000000000000000000000000000000000000000000000000000000000000000000003800000000000000000000000000000000000000000000000000000010000000000000          0007188059365300000000000000000000000000000000000000000010
1022542123500018830940000316741000000                         00000007119301000000DM 00000000000000000000 01102112210011031121                    101121000000000380075630940012112210000100000000000000000000000000000000000000000000000000000000000000000000000000003800000000000000000000000000000000000000000000000000000010000000000000          0008715135969100000000000000000000000000000000000000000011
1022542123500018830940000316741000000                         00000007191401000000DM 00000000000000000000 01102112210010621121                    101121000000000380075630940012112210000100000000000000000000000000000000000000000000000000000000000000000000000000003800000000000000000000000000000000000000000000000000000010000000000000          0000055756263500000000000000000000000000000000000000000012
1022542123500018830940000316741000000                         00000007192101000000DM 00000000000000000000 01102112210010621221                    101221000000000380075630940012112210000100000000000000000000000000000000000000000000000000000000000000000000000000003800000000000000000000000000000000000000000000000000000010000000000000          0000055756263500000000000000000000000000000000000000000013
9027563094SICOOB CREDIARA          R D BOSCO                                         Centro                        38183228Araxá                         MG160220220000001200000000113                                                                                                                                                                                                                    000014
