02RETORNO01COBRANÇA       30940000327964316741J REZENDE - ME                756 - BANCOOB S/A 0504170000067                                                                                                                                                                                                                                                                                               000001
1022542123500018830940000316741000000                         00000001464601000000DM 00000000000000000000 01060304170027730417                    100417000000000349010400970010304170000250000000000000000000000000000000000000000000000000000000000000000000000000003490000000000000000000000000000000000000000000000000000010000000000000          0006612363169100000000000000000000000000000000000000000002
1022542123500018830940000316741000000                         00000001911501000000DM 00000000000000000000 01060404170025190417                    100417000000000349010407080010404170000250000000000000000000000000000000000000000000000000000000000000000000000000003490000000000000000000000000000000000000000000000000000010000000000000          0008540006863400000000000000000000000000000000000000000003
1022542123500018830940000316741000000                         00000001200101000000DM 00000000000000000000 01060304170017750417                    100417000000000294010400970010304170000250000000000000000000000000000000000000000000000000000000000000000000000000002940000000000000000000000000000000000000000000000000000010000000000000          0002729843469100000000000000000000000000000000000000000004
1022542123500018830940000316741000000                         00000001032301000000DM 00000000000000000000 01060404170017830417                    100417000000000294075630940010404170000250000000000000000000000000000000000000000000000000000000000000000000000000002940000000000000000000000000000000000000000000000000000010000000000000          0007674540669100000000000000000000000000000000000000000005
1022542123500018830940000316741000000                         00000001236601000000DM 00000000000000000000 01060304170022660417                    100417000000000349034199260010304170000250000000000000000000000000000000000000000000000000000000000000000000000000003490000000000000000000000000000000000000000000000000000010000000000000          0004170441060600000000000000000000000000000000000000000006
1022542123500018830940000316741000000                         00000000454301000000DM 00000000000000000000 01060304170007350417                    100417000000000294010400970010304170000250000000000000000000000000000000000000000000000000000000000000000000000000002940000000000000000000000000000000000000000000000000000010000000000000          0001043534261400000000000000000000000000000000000000000007
1022542123500018830940000316741000000                         00000002247601000000DM 00000000000000000000 01060304170014580417                    100417000000000294010400970010304170000250000000000000000000000000000000000000000000000000000000000000000000000000002940000000000000000000000000000000000000000000000000000010000000000000          0002361630010000000000000000000000000000000000000000000008
1022542123500018830940000316741000000                         00000002127701000000DM 00000000000000000000 01060404170026750417                    100417000000000349010400970010404170000250000000000000000000000000000000000000000000000000000000000000000000000000003490000000000000000000000000000000000000000000000000000010000000000000          0001130201368800000000000000000000000000000000000000000009
1022542123500018830940000316741000000                         00000001404401000000DM 00000000000000000000 01060404170023390417                    100417000000000349010400970010404170000250000000000000000000000000000000000000000000000000000000000000000000000000003490000000000000000000000000000000000000000000000000000010000000000000          0003615945069700000000000000000000000000000000000000000010
1022542123500018830940000316741000000                         00000001068801000000DM 00000000000000000000 01060404170015680417                    100417000000000294010400970010404170000250000000000000000000000000000000000000000000000000000000000000000000000000002940000000000000000000000000000000000000000000000000000010000000000000          0009028457763400000000000000000000000000000000000000000011
1022542123500018830940000316741000000                         00000001536101000000DM 00000000000000000000 01060404170028810417                    100417000000000349034199260010404170000250000000000000000000000000000000000000000000000000000000000000000000000000003490000000000000000000000000000000000000000000000000000010000000000000          0002729612165300000000000000000000000000000000000000000012
1022542123500018830940000316741000000                         00000002139501000000DM 00000000000000000000 01060404170026860417                    100417000000000349010400970010404170000250000000000000000000000000000000000000000000000000000000000000000000000000003490000000000000000000000000000000000000000000000000000010000000000000          0003407094060000000000000000000000000000000000000000000013
1022542123500018830940000316741000000                         00000002271301000000DM 00000000000000000000 01060304170014950417                    100417000000000294010400970010304170000250000000000000000000000000000000000000000000000000000000000000000000000000002940000000000000000000000000000000000000000000000000000010000000000000          0000136752462800000000000000000000000000000000000000000014
9027563094SICOOB CREDIARA          RUA MARIA RITA DE AGUIAR                          CENTRO                        38183236ARAXÁ                         MG050420170000001300000000113                                                                                                                                                                                                                    000015
