02RETORNO01COBRANÇA       30940000327964316741J REZENDE - ME                756 - BANCOOB S/A 2404170000074                                                                                                                                                                                                                                                                                               000001
1022542123500018830940000316741000000                         00000000237401000000DM 00000000000000000000 01061804170003300417                    100417000000000294075630940011804170000250000000000008000000000000000000000000000000000000000000000000000000000000003079000000000005900000000000000000000000000000000000000010000000000000          0000916024261200000000000000000000000000000000000000000002
1022542123500018830940000316741000000                         00000001044101000000DM 00000000000000000000 01061704170025830417                    100417000000000349075630940011704170000250000000000000000000000000000000000000000000000000000000000000000000000000003923000000000043300000000000000000000000000000000000000010000000000000          0001065186460700000000000000000000000000000000000000000003
1022542123500018830940000316741000000                         00000000769901000000DM 00000000000000000000 01061904170010620517                    100517000000000294010400970011904170000250000000000000000000000000000000000000000000000000000000000000000000000000002940000000000000000000000000000000000000000000000000000010000000000000          0000055756263500000000000000000000000000000000000000000004
9027563094SICOOB CREDIARA          RUA MARIA RITA DE AGUIAR                          CENTRO                        38183236ARAXÁ                         MG240420170000000300000000113                                                                                                                                                                                                                    000005
