02RETORNO01COBRANÇA       30940000327964316741J REZENDE - ME                756 - BANCOOB S/A 2404170000073                                                                                                                                                                                                                                                                                               000001
1022542123500018830940000316741000000                         00000001560901000000DM 00000000000000000000 01061204170028890417                    100417000000000349075630940011204170000250000000000000000000000000000000000000000000000000000000000000000000000000003863000000000037300000000000000000000000000000000000000010000000000000          0000564891363000000000000000000000000000000000000000000002
1022542123500018830940000316741000000                         00000001153001000000DM 00000000000000000000 01061204170017220517                    100517000000000294063400190011204170000250000000000000000000000000000000000000000000000000000000000000000000000000002940000000000000000000000000000000000000000000000000000010000000000000          0000326379860000000000000000000000000000000000000000000003
1022542123500018830940000316741000000                         00000001851801000000DM 00000000000000000000 01061204170030330417                    100417000000000349075630940011204170000250000000000000000000000000000000000000000000000000000000000000000000000000003863000000000037300000000000000000000000000000000000000010000000000000          0008285259668700000000000000000000000000000000000000000004
1022542123500018830940000316741000000                         00000000357301000000DM 00000000000000000000 01061204170030410317                    100317000000000349075640790011204170000250000000000000000000000000000000000000000000000000000000000000000000000000004235000000000074500000000000000000000000000000000000000010000000000000          0006919796260000000000000000000000000000000000000000000005
1022542123500018830940000316741000000                         00000000358001000000DM 00000000000000000000 01061204170030410417                    100417000000000349075640790011204170000250000000000000000000000000000000000000000000000000000000000000000000000000003863000000000037300000000000000000000000000000000000000010000000000000          0006919796260000000000000000000000000000000000000000000006
1022542123500018830940000316741000000                         00000001656001000000DM 00000000000000000000 01061204170029300417                    100417000000000349075630940011204170000250000000000000000000000000000000000000000000000000000000000000000000000000003863000000000037300000000000000000000000000000000000000010000000000000          0000809615061800000000000000000000000000000000000000000007
9027563094SICOOB CREDIARA          RUA MARIA RITA DE AGUIAR                          CENTRO                        38183236ARAXÁ                         MG240420170000000600000000113                                                                                                                                                                                                                    000008
