02RETORNO01COBRANÇA       30940000327964316741J REZENDE - ME                756 - BANCOOB S/A 1004170000070                                                                                                                                                                                                                                                                                               000001
1022542123500018830940000316741000000                         00000002293501000000DM 00000000000000000000 01100604170015250217                    100217000000000294075630940010604170000100000000000000000000000000000000000000000000000000000000000000000000000000002940000000000000000000000000000000000000000000000000000010000000000000          0000129208361100000000000000000000000000000000000000000002
1022542123500018830940000316741000000                         00000002467701000000DM 00000000000000000000 01100604170026730217                    100217000000000349075630940010604170000100000000000000000000000000000000000000000000000000000000000000000000000000003490000000000000000000000000000000000000000000000000000010000000000000          0000945536569300000000000000000000000000000000000000000003
1022542123500018830940000316741000000                         00000000164101000000DM 00000000000000000000 01100604170001140317                    100317000000000294075630940010604170000100000000000000000000000000000000000000000000000000000000000000000000000000002940000000000000000000000000000000000000000000000000000010000000000000          0004897155363400000000000000000000000000000000000000000004
1022542123500018830940000316741000000                         00000000552001000000DM 00000000000000000000 01060604170008410417                    100417000000000294010400970010604170000250000000000000000000000000000000000000000000000000000000000000000000000000002940000000000000000000000000000000000000000000000000000010000000000000          0004459589168700000000000000000000000000000000000000000005
1022542123500018830940000316741000000                         00000000624601000000DM 00000000000000000000 01060604170005190417                    100417000000000294010400970010604170000250000000000000000000000000000000000000000000000000000000000000000000000000002940000000000000000000000000000000000000000000000000000010000000000000          0007188477760000000000000000000000000000000000000000000006
1022542123500018830940000316741000000                         00000000637101000000DM 00000000000000000000 01100604170005450517                    100517000000000294075630940010604170000100000000000000000000000000000000000000000000000000000000000000000000000000002940000000000000000000000000000000000000000000000000000010000000000000          0003013578866800000000000000000000000000000000000000000007
1022542123500018830940000316741000000                         00000001728601000000DM 00000000000000000000 01060604170029770417                    100417000000000349034199260010604170000250000000000000000000000000000000000000000000000000000000000000000000000000003490000000000000000000000000000000000000000000000000000010000000000000          0006219557360000000000000000000000000000000000000000000008
1022542123500018830940000316741000000                         00000000370001000000DM 00000000000000000000 01060604170004350417                    100417000000000294034109440010604170000250000000000000000000000000000000000000000000000000000000000000000000000000002940000000000000000000000000000000000000000000000000000010000000000000          0001514063611500000000000000000000000000000000000000000009
1022542123500018830940000316741000000                         00000000972501000000DM 00000000000000000000 01100604170024350417                    100417000000000294075630940010604170000100000000000000000000000000000000000000000000000000000000000000000000000000002940000000000000000000000000000000000000000000000000000010000000000000          0008566563069100000000000000000000000000000000000000000010
1022542123500018830940000316741000000                         00000001355801000000DM 00000000000000000000 01100604170022820317                    100317000000000294075630940010604170000100000000000000000000000000000000000000000000000000000000000000000000000000002940000000000000000000000000000000000000000000000000000010000000000000          0007188059365300000000000000000000000000000000000000000011
1022542123500018830940000316741000000                         00000000165901000000DM 00000000000000000000 01100604170001140417                    100417000000000294075630940010604170000100000000000000000000000000000000000000000000000000000000000000000000000000002940000000000000000000000000000000000000000000000000000010000000000000          0004897155363400000000000000000000000000000000000000000012
1022542123500018830940000316741000000                         00000001739701000000DM 00000000000000000000 01100604170029780317                    100317000000000349075630940010604170000100000000000000000000000000000000000000000000000000000000000000000000000000003490000000000000000000000000000000000000000000000000000010000000000000          0000781177065200000000000000000000000000000000000000000013
1022542123500018830940000316741000000                         00000000660101000000DM 00000000000000000000 01060604170006480417                    100417000000000349010400970010604170000250000000000000000000000000000000000000000000000000000000000000000000000000003490000000000000000000000000000000000000000000000000000010000000000000          0001612677762000000000000000000000000000000000000000000014
1022542123500018830940000316741000000                         00000001667101000000DM 00000000000000000000 01100604170029630317                    100317000000000349075630940010604170000100000000000000000000000000000000000000000000000000000000000000000000000000003490000000000000000000000000000000000000000000000000000010000000000000          0000559499965500000000000000000000000000000000000000000015
1022542123500018830940000316741000000                         00000000996101000000DM 00000000000000000000 01100604170024540417                    100417000000000349075630940010604170000100000000000000000000000000000000000000000000000000000000000000000000000000003490000000000000000000000000000000000000000000000000000010000000000000          0000847276465600000000000000000000000000000000000000000016
1022542123500018830940000316741000000                         00000001092501000000DM 00000000000000000000 01060604170015840417                    100417000000000294010400970010604170000250000000000000000000000000000000000000000000000000000000000000000000000000002940000000000000000000000000000000000000000000000000000010000000000000          0006872201061000000000000000000000000000000000000000000017
1022542123500018830940000316741000000                         00000001596301000000DM 00000000000000000000 01060604170029010417                    100417000000000349010400970010604170000250000000000000000000000000000000000000000000000000000000000000000000000000003490000000000000000000000000000000000000000000000000000010000000000000          0002483652468700000000000000000000000000000000000000000018
1022542123500018830940000316741000000                         00000002395101000000DM 00000000000000000000 01100604170009990417                    100417000000000294075630940010604170000100000000000000000000000000000000000000000000000000000000000000000000000000002940000000000000000000000000000000000000000000000000000010000000000000          0007875360064900000000000000000000000000000000000000000019
1022542123500018830940000316741000000                         00000001019701000000DM 00000000000000000000 01100604170024790317                    100317000000000349075630940010604170000100000000000000000000000000000000000000000000000000000000000000000000000000003490000000000000000000000000000000000000000000000000000010000000000000          0000302933999800000000000000000000000000000000000000000020
1022542123500018830940000316741000000                         00000002493901000000DM 00000000000000000000 01060604170030420417                    100417000000000349034199260010604170000250000000000000000000000000000000000000000000000000000000000000000000000000003490000000000000000000000000000000000000000000000000000010000000000000          0001076302165200000000000000000000000000000000000000000021
1022542123500018830940000316741000000                         00000001212001000000DM 00000000000000000000 01100604170017950417                    100417000000000294075630940010604170000100000000000000000000000000000000000000000000000000000000000000000000000000002940000000000000000000000000000000000000000000000000000010000000000000          0000027258068600000000000000000000000000000000000000000022
1022542123500018830940000316741000000                         00000002294201000000DM 00000000000000000000 01100604170015250317                    100317000000000294075630940010604170000100000000000000000000000000000000000000000000000000000000000000000000000000002940000000000000000000000000000000000000000000000000000010000000000000          0000129208361100000000000000000000000000000000000000000023
1022542123500018830940000316741000000                         00000000864401000000DM 00000000000000000000 01060604170011880417                    100417000000000294010400970010604170000250000000000000000000000000000000000000000000000000000000000000000000000000002940000000000000000000000000000000000000000000000000000010000000000000          0009650926062000000000000000000000000000000000000000000024
1022542123500018830940000316741000000                         00000002468401000000DM 00000000000000000000 01100604170026730317                    100317000000000349075630940010604170000100000000000000000000000000000000000000000000000000000000000000000000000000003490000000000000000000000000000000000000000000000000000010000000000000          0000945536569300000000000000000000000000000000000000000025
1022542123500018830940000316741000000                         00000002283101000000DM 00000000000000000000 01060604170015230417                    100417000000000294010400970010604170000250000000000000000000000000000000000000000000000000000000000000000000000000002940000000000000000000000000000000000000000000000000000010000000000000          0003225778362000000000000000000000000000000000000000000026
1022542123500018830940000316741000000                         00000000984301000000DM 00000000000000000000 01060604170024530417                    100417000000000349010400970010604170000250000000000000000000000000000000000000000000000000000000000000000000000000003490000000000000000000000000000000000000000000000000000010000000000000          0003607094764900000000000000000000000000000000000000000027
9027563094SICOOB CREDIARA          RUA MARIA RITA DE AGUIAR                          CENTRO                        38183236ARAXÁ                         MG100420170000002600000000113                                                                                                                                                                                                                    000028
