02RETORNO01COBRANÇA       30940000327964316741J REZENDE - ME                756 - BANCOOB S/A 1004170000069                                                                                                                                                                                                                                                                                               000001
1022542123500018830940000316741000000                         00000000792901000000DM 00000000000000000000 01060704170010920417                    100417000000000294010400970010704170000250000000000000000000000000000000000000000000000000000000000000000000000000002940000000000000000000000000000000000000000000000000000010000000000000          0007570230469100000000000000000000000000000000000000000002
1022542123500018830940000316741000000                         00000001875401000000DM 00000000000000000000 01060704170025270417                    100417000000000349010400970010704170000250000000000000000000000000000000000000000000000000000000000000000000000000003490000000000000000000000000000000000000000000000000000010000000000000          0000677178867900000000000000000000000000000000000000000003
1022542123500018830940000316741000000                         00000000297601000000DM 00000000000000000000 01060704170004220417                    100417000000000294010400970010704170000250000000000000000000000000000000000000000000000000000000000000000000000000002940000000000000000000000000000000000000000000000000000010000000000000          0007415855469100000000000000000000000000000000000000000004
1022542123500018830940000316741000000                         00000002235801000000DM 00000000000000000000 01060704170014480417                    100417000000000294010400970010704170000250000000000000000000000000000000000000000000000000000000000000000000000000002940000000000000000000000000000000000000000000000000000010000000000000          0005227926069700000000000000000000000000000000000000000005
1022542123500018830940000316741000000                         00000000672001000000DM 00000000000000000000 01060704170009450417                    100417000000000294010400970010704170000250000000000000000000000000000000000000000000000000000000000000000000000000002940000000000000000000000000000000000000000000000000000010000000000000          0009277825960000000000000000000000000000000000000000000006
1022542123500018830940000316741000000                         00000002019601000000DM 00000000000000000000 01060704170025950417                    100417000000000349034199260010704170000250000000000000000000000000000000000000000000000000000000000000000000000000003490000000000000000000000000000000000000000000000000000010000000000000          0009473525567200000000000000000000000000000000000000000007
1022542123500018830940000316741000000                         00000002517001000000DM 00000000000000000000 01060704170030440417                    100417000000000349010400970010704170000250000000000000000000000000000000000000000000000000000000000000000000000000003490000000000000000000000000000000000000000000000000000010000000000000          0000119164868000000000000000000000000000000000000000000008
1022542123500018830940000316741000000                         00000000333701000000DM 00000000000000000000 01060704170004530417                    100417000000000349010400970010704170000250000000000000000000000000000000000000000000000000000000000000000000000000003490000000000000000000000000000000000000000000000000000010000000000000          0005516708060600000000000000000000000000000000000000000009
1022542123500018830940000316741000000                         00000000900501000000DM 00000000000000000000 01060704170012280417                    100417000000000349075630940010704170000250000000000000000000000000000000000000000000000000000000000000000000000000003490000000000000000000000000000000000000000000000000000010000000000000          0000488266564600000000000000000000000000000000000000000010
1022542123500018830940000316741000000                         00000001620601000000DM 00000000000000000000 01060704170029160417                    100417000000000349010400970010704170000250000000000000000000000000000000000000000000000000000000000000000000000000003490000000000000000000000000000000000000000000000000000010000000000000          0001248442318700000000000000000000000000000000000000000011
1022542123500018830940000316741000000                         00000001692601000000DM 00000000000000000000 01060704170029700417                    100417000000000349010400970010704170000250000000000000000000000000000000000000000000000000000000000000000000000000003490000000000000000000000000000000000000000000000000000010000000000000          0000214486281800000000000000000000000000000000000000000012
1022542123500018830940000316741000000                         00000000321901000000DM 00000000000000000000 01060704170004370417                    100417000000000294010400970010704170000250000000000000000000000000000000000000000000000000000000000000000000000000002940000000000000000000000000000000000000000000000000000010000000000000          0001313854565300000000000000000000000000000000000000000013
1022542123500018830940000316741000000                         00000000189501000000DM 00000000000000000000 01060704170002470417                    100417000000000294010400970010704170000250000000000000000000000000000000000000000000000000000000000000000000000000002940000000000000000000000000000000000000000000000000000010000000000000          0000356167569700000000000000000000000000000000000000000014
1022542123500018830940000316741000000                         00000000442501000000DM 00000000000000000000 01060704170007200417                    100417000000000294034199260010704170000250000000000000000000000000000000000000000000000000000000000000000000000000002940000000000000000000000000000000000000000000000000000010000000000000          0003609756063000000000000000000000000000000000000000000015
1022542123500018830940000316741000000                         00000000744501000000DM 00000000000000000000 01060704170010210417                    100417000000000294010400970010704170000250000000000000000000000000000000000000000000000000000000000000000000000000002940000000000000000000000000000000000000000000000000000010000000000000          0007187518269100000000000000000000000000000000000000000016
9027563094SICOOB CREDIARA          RUA MARIA RITA DE AGUIAR                          CENTRO                        38183236ARAXÁ                         MG100420170000001500000000113                                                                                                                                                                                                                    000017
