02RETORNO01COBRANÇA       30940000327964316741J REZENDE - ME                756 - BANCOOB S/A 0604170000068                                                                                                                                                                                                                                                                                               000001
1022542123500018830940000316741000000                         00000002223001000000DM 00000000000000000000 01060504170014430417                    100417000000000294010400970010504170000250000000000000000000000000000000000000000000000000000000000000000000000000002940000000000000000000000000000000000000000000000000000010000000000000          0000696140365400000000000000000000000000000000000000000002
1022542123500018830940000316741000000                         00000001116701000000DM 00000000000000000000 01060504170016360417                    100417000000000349010400970010504170000250000000000000000000000000000000000000000000000000000000000000000000000000003490000000000000000000000000000000000000000000000000000010000000000000          0004340692069100000000000000000000000000000000000000000003
1022542123500018830940000316741000000                         00000002199701000000DM 00000000000000000000 01060504170027360417                    100417000000000349010400970010504170000250000000000000000000000000000000000000000000000000000000000000000000000000003490000000000000000000000000000000000000000000000000000010000000000000          0006724457262000000000000000000000000000000000000000000004
1022542123500018830940000316741000000                         00000000141201000000DM 00000000000000000000 01060504170000410417                    100417000000000294010400970010504170000250000000000000000000000000000000000000000000000000000000000000000000000000002940000000000000000000000000000000000000000000000000000010000000000000          0000565324365500000000000000000000000000000000000000000005
1022542123500018830940000316741000000                         00000001104901000000DM 00000000000000000000 01060504170015980417                    100417000000000294010400970010504170000250000000000000000000000000000000000000000000000000000000000000000000000000002940000000000000000000000000000000000000000000000000000010000000000000          0007886934067800000000000000000000000000000000000000000006
9027563094SICOOB CREDIARA          RUA MARIA RITA DE AGUIAR                          CENTRO                        38183236ARAXÁ                         MG060420170000000500000000113                                                                                                                                                                                                                    000007
