02RETORNO01COBRANÇA       30940000327964316741J REZENDE - ME                756 - BANCOOB S/A 1104170000072                                                                                                                                                                                                                                                                                               000001
1022542123500018830940000316741000000                         00000000382801000000DM 00000000000000000000 01061004170004730417                    100417000000000294010400970011004170000250000000000000000000000000000000000000000000000000000000000000000000000000002940000000000000000000000000000000000000000000000000000010000000000000          0004063987868700000000000000000000000000000000000000000002
1022542123500018830940000316741000000                         00000000600001000000DM 00000000000000000000 01061004170009010417                    100417000000000294010400970011004170000250000000000000000000000000000000000000000000000000000000000000000000000000002940000000000000000000000000000000000000000000000000000010000000000000          0009470166060400000000000000000000000000000000000000000003
1022542123500018830940000316741000000                         00000000648201000000DM 00000000000000000000 01061004170005930417                    100417000000000294010400970011004170000250000000000000000000000000000000000000000000000000000000000000000000000000002940000000000000000000000000000000000000000000000000000010000000000000          0003023575860400000000000000000000000000000000000000000004
1022542123500018830940000316741000000                         00000001935101000000DM 00000000000000000000 01061004170025420417                    100417000000000349034109440011004170000250000000000000000000000000000000000000000000000000000000000000000000000000003490000000000000000000000000000000000000000000000000000010000000000000          0002891803760000000000000000000000000000000000000000000005
1022542123500018830940000316741000000                         00000001947001000000DM 00000000000000000000 01061004170025530417                    100417000000000349010400970011004170000250000000000000000000000000000000000000000000000000000000000000000000000000003490000000000000000000000000000000000000000000000000000010000000000000          0000588234869200000000000000000000000000000000000000000006
1022542123500018830940000316741000000                         00000001971701000000DM 00000000000000000000 01061004170025770417                    100417000000000349010400970011004170000250000000000000000000000000000000000000000000000000000000000000000000000000003490000000000000000000000000000000000000000000000000000010000000000000          0003225644269100000000000000000000000000000000000000000007
1022542123500018830940000316741000000                         00000000344801000000DM 00000000000000000000 01061004170004600417                    100417000000000294010400970011004170000250000000000000000000000000000000000000000000000000000000000000000000000000002940000000000000000000000000000000000000000000000000000010000000000000          0004085395076800000000000000000000000000000000000000000008
1022542123500018830940000316741000000                         00000000528301000000DM 00000000000000000000 01061004170004160417                    100417000000000294034109440011004170000250000000000000000000000000000000000000000000000000000000000000000000000000002940000000000000000000000000000000000000000000000000000010000000000000          0009147587261500000000000000000000000000000000000000000009
1022542123500018830940000316741000000                         00000000612801000000DM 00000000000000000000 01061004170005350417                    100417000000000294010400970011004170000250000000000000000000000000000000000000000000000000000000000000000000000000002940000000000000000000000000000000000000000000000000000010000000000000          0000659773163800000000000000000000000000000000000000000010
1022542123500018830940000316741000000                         00000001764101000000DM 00000000000000000000 01061004170030110417                    100417000000000349075630940011004170000250000000000000000000000000000000000000000000000000000000000000000000000000003490000000000000000000000000000000000000000000000000000010000000000000          0001104048469700000000000000000000000000000000000000000011
1022542123500018830940000316741000000                         00000001923301000000DM 00000000000000000000 01061004170025200417                    100417000000000349010400970011004170000250000000000000000000000000000000000000000000000000000000000000000000000000003490000000000000000000000000000000000000000000000000000010000000000000          0003021597866800000000000000000000000000000000000000000012
1022542123500018830940000316741000000                         00000000912301000000DM 00000000000000000000 01061004170012340417                    100417000000000294075630940011004170000250000000000000000000000000000000000000000000000000000000000000000000000000002940000000000000000000000000000000000000000000000000000010000000000000          0008461066260400000000000000000000000000000000000000000013
1022542123500018830940000316741000000                         00000002211101000000DM 00000000000000000000 01061004170014420417                    100417000000000294010400970011004170000250000000000000000000000000000000000000000000000000000000000000000000000000002940000000000000000000000000000000000000000000000000000010000000000000          0000534757766500000000000000000000000000000000000000000014
1022542123500018830940000316741000000                         00000001080701000000DM 00000000000000000000 01061004170015740417                    100417000000000294010400970011004170000250000000000000000000000000000000000000000000000000000000000000000000000000002940000000000000000000000000000000000000000000000000000010000000000000          0003615826760000000000000000000000000000000000000000000015
1022542123500018830940000316741000000                         00000001584501000000DM 00000000000000000000 01061004170028970417                    100417000000000349010400970011004170000250000000000000000000000000000000000000000000000000000000000000000000000000003490000000000000000000000000000000000000000000000000000010000000000000          0005968516666800000000000000000000000000000000000000000016
1022542123500018830940000316741000000                         00000001632401000000DM 00000000000000000000 01061004170029220417                    100417000000000349000102100011004170000250000000000000000000000000000000000000000000000000000000000000000000000000003490000000000000000000000000000000000000000000000000000010000000000000          0005554795862000000000000000000000000000000000000000000017
1022542123500018830940000316741000000                         00000001264201000000DM 00000000000000000000 01061004170025540317                    100417000000000319010400970011004170000250000000000000000000000000000000000000000000000000000000000000000000000000003190000000000000000000000000000000000000000000000000000010000000000000          0006612599561500000000000000000000000000000000000000000018
1022542123500018830940000316741000000                         00000002623701000000DM 00000000000000000000 01061004171000140317                    100417000000001045063400190011004170000250000000000000000000000000000000000000000000000000000000000000000000000000010450000000000000000000000000000000000000000000000000000010000000000000          3874637600046500000000000000000000000000000000000000000019
1022542123500018830940000316741000000                         00000002626901000000DM 00000000000000000000 01061004171000210317                    100417000000001039575630940011004170000250000000000000000000000000000000000000000000000000000000000000000000000000010395000000000000000000000000000000000000000000000000000010000000000000          6522717500018100000000000000000000000000000000000000000020
1022542123500018830940000316741000000                         00000000176001000000DM 00000000000000000000 01061004170001520417                    100417000000000294010400970011004170000250000000000000000000000000000000000000000000000000000000000000000000000000002940000000000000000000000000000000000000000000000000000010000000000000          0000719132169500000000000000000000000000000000000000000021
1022542123500018830940000316741000000                         00000000249201000000DM 00000000000000000000 01061004170003720417                    100417000000000294010400970011004170000250000000000000000000000000000000000000000000000000000000000000000000000000002940000000000000000000000000000000000000000000000000000010000000000000          0000595338569200000000000000000000000000000000000000000022
1022542123500018830940000316741000000                         00000000285801000000DM 00000000000000000000 01061004170004140417                    100417000000000349003334670011004170000250000000000000000000000000000000000000000000000000000000000000000000000000003490000000000000000000000000000000000000000000000000000010000000000000          0000303613564200000000000000000000000000000000000000000023
1022542123500018830940000316741000000                         00000000309001000000DM 00000000000000000000 01061004170004230417                    100417000000000294010400970011004170000250000000000000000000000000000000000000000000000000000000000000000000000000002940000000000000000000000000000000000000000000000000000010000000000000          0005724833867200000000000000000000000000000000000000000024
1022542123500018830940000316741000000                         00000002259401000000DM 00000000000000000000 01061004170014700417                    100417000000000294010400970011004170000250000000000000000000000000000000000000000000000000000000000000000000000000002940000000000000000000000000000000000000000000000000000010000000000000          0008318973461500000000000000000000000000000000000000000025
1022542123500018830940000316741000000                         00000001488201000000DM 00000000000000000000 01061004170028150401                    100417000000000349010400970011004170000250000000000000000000000000000000000000000000000000000000000000000000000000003490000000000000000000000000000000000000000000000000000010000000000000          0001026372666500000000000000000000000000000000000000000026
1022542123500018830940000316741000000                         00000001548001000000DM 00000000000000000000 01061004170028820417                    100417000000000349010400970011004170000250000000000000000000000000000000000000000000000000000000000000000000000000003490000000000000000000000000000000000000000000000000000010000000000000          0002486093060600000000000000000000000000000000000000000027
1022542123500018830940000316741000000                         00000000406001000000DM 00000000000000000000 01061004170006790417                    100417000000000349010400970011004170000250000000000000000000000000000000000000000000000000000000000000000000000000003490000000000000000000000000000000000000000000000000000010000000000000          0003619380163400000000000000000000000000000000000000000028
1022542123500018830940000316741000000                         00000000514001000000DM 00000000000000000000 01061004170008390417                    100417000000000294010400970011004170000250000000000000000000000000000000000000000000000000000000000000000000000000002940000000000000000000000000000000000000000000000000000010000000000000          0004904386264900000000000000000000000000000000000000000029
1022542123500018830940000316741000000                         00000000888001000000DM 00000000000000000000 01061004170012200417                    100417000000000294010400970011004170000250000000000000000000000000000000000000000000000000000000000000000000000000002940000000000000000000000000000000000000000000000000000010000000000000          0005183755876000000000000000000000000000000000000000000030
1022542123500018830940000316741000000                         00000002359601000000DM 00000000000000000000 01061004170027500417                    100417000000000349010400970011004170000250000000000000000000000000000000000000000000000000000000000000000000000000003490000000000000000000000000000000000000000000000000000010000000000000          0000282899960200000000000000000000000000000000000000000031
1022542123500018830940000316741000000                         00000001283201000000DM 00000000000000000000 01061004170030190317                    100417000000000319063400190011004170000250000000000000000000000000000000000000000000000000000000000000000000000000003190000000000000000000000000000000000000000000000000000010000000000000          0000766983862000000000000000000000000000000000000000000032
1022542123500018830940000316741000000                         00000002621201000000DM 00000000000000000000 01061004171000110317                    100417000000000638063400190011004170000250000000000000000000000000000000000000000000000000000000000000000000000000006380000000000000000000000000000000000000000000000000000010000000000000          3874637600038400000000000000000000000000000000000000000033
1022542123500018830940000316741000000                         00000002627601000000DM 00000000000000000000 01061004171000240317                    100417000000002241010400970011004170000250000000000000000000000000000000000000000000000000000000000000000000000000022410000000000000000000000000000000000000000000000000000010000000000000          0488922000017900000000000000000000000000000000000000000034
1022542123500018830940000316741000000                         00000000828901000000DM 00000000000000000000 01061004170011230417                    100417000000000294003307730011004170000250000000000000000000000000000000000000000000000000000000000000000000000000002940000000000000000000000000000000000000000000000000000010000000000000          0000702724661900000000000000000000000000000000000000000035
1022542123500018830940000316741000000                         00000000840801000000DM 00000000000000000000 01061004170011390417                    100417000000000294010400970011004170000250000000000000000000000000000000000000000000000000000000000000000000000000002940000000000000000000000000000000000000000000000000000010000000000000          0009651106069100000000000000000000000000000000000000000036
1022542123500018830940000316741000000                         00000002055101000000DM 00000000000000000000 01061004170026060417                    100417000000000349010400970011004170000250000000000000000000000000000000000000000000000000000000000000000000000000003490000000000000000000000000000000000000000000000000000010000000000000          0004341197568700000000000000000000000000000000000000000037
1022542123500018830940000316741000000                         00000002091701000000DM 00000000000000000000 01061004170026650417                    100417000000000349034109440011004170000250000000000000000000000000000000000000000000000000000000000000000000000000003490000000000000000000000000000000000000000000000000000010000000000000          0000694769266000000000000000000000000000000000000000000038
1022542123500018830940000316741000000                         00000002103001000000DM 00000000000000000000 01061004170026710417                    100417000000000349010400970011004170000250000000000000000000000000000000000000000000000000000000000000000000000000003490000000000000000000000000000000000000000000000000000010000000000000          0005764341515300000000000000000000000000000000000000000039
1022542123500018830940000316741000000                         00000000960701000000DM 00000000000000000000 01061004170023970417                    100417000000000349063400190011004170000250000000000000000000000000000000000000000000000000000000000000000000000000003490000000000000000000000000000000000000000000000000000010000000000000          0007188737762000000000000000000000000000000000000000000040
1022542123500018830940000316741000000                         00000001995301000000DM 00000000000000000000 01061004170025920417                    100417000000000349010400970011004170000250000000000000000000000000000000000000000000000000000000000000000000000000003490000000000000000000000000000000000000000000000000000010000000000000          0009838358266800000000000000000000000000000000000000000041
9027563094SICOOB CREDIARA          RUA MARIA RITA DE AGUIAR                          CENTRO                        38183236ARAXÁ                         MG110420170000004000000000113                                                                                                                                                                                                                    000042
