02RETORNO01COBRANÇA       30940000327964316741J REZENDE                     756 - BANCOOB S/A 1911210000504                                                                                                                                                                                                                                                                                               000001
1022542123500018830940000316741000000                         00000007215601000000DM 00000000000000000000 01062510210010141121                    101121000000000400075640790012510210000250000000000000000000000000000000000000000000000000000000000000000000000000004000000000000000000000000000000000000000000000000000000010000000000000          0005764752663400000000000000000000000000000000000000000002
1022542123500018830940000316741000000                         00000007238501000000DM 00000000000000000000 01062510210022691021                    101021000000000400010400970012510210000250000000000000000000000000000000000000000000000000000000000000000000000000004004000000000000400000000000000000000000000000000000000010000000000000          0006307307269100000000000000000000000000000000000000000003
9027563094SICOOB CREDIARA          R D BOSCO                                         Centro                        38183228Araxá                         MG191120210000000200000000113                                                                                                                                                                                                                    000004
