02RETORNO01COBRANÇA       30940000327964316741J REZENDE                     756 - BANCOOB S/A 1911210000507                                                                                                                                                                                                                                                                                               000001
1022542123500018830940000316741000000                         00000007371001000000DM 00000000000000000000 01061211210004161121                    101121000000000380008100010011211210000250000000000000000000000000000000000000000000000000000000000000000000000000003803000000000000300000000000000000000000000000000000000010000000000000          0009147587261500000000000000000000000000000000000000000002
9027563094SICOOB CREDIARA          R D BOSCO                                         Centro                        38183228Araxá                         MG191120210000000100000000113                                                                                                                                                                                                                    000003
