02RETORNO01COBRANÇA       30940000327964316741J REZENDE                     756 - BANCOOB S/A 2911210000509                                                                                                                                                                                                                                                                                               000001
1022542123500018830940000316741000000                         00000007263001000000DM 00000000000000000000 01062611210013891121                    281121000000000380010400970012611210000250000000000000000000000000000000000000000000000000000000000000000000000000003800000000000000000000000000000000000000000000000000000010000000000000          0000690262868800000000000000000000000000000000000000000002
1022542123500018830940000316741000000                         00000007262201000000DM 00000000000000000000 01062611210013891021                    281021000000000380010400970012611210000250000000000000000000000000000000000000000000000000000000000000000000000000003803000000000000300000000000000000000000000000000000000010000000000000          0000690262868800000000000000000000000000000000000000000003
9027563094SICOOB CREDIARA          R D BOSCO                                         Centro                        38183228Araxá                         MG291120210000000200000000113                                                                                                                                                                                                                    000004
