02RETORNO01COBRANÇA       30940000327964316741J REZENDE                     756 - BANCOOB S/A 1911210000506                                                                                                                                                                                                                                                                                               000001
1022542123500018830940000316741000000                         00000007035001000000DM 00000000000000000000 01061011210009011121                    101121000000000380010400970011011210000250000000000000000000000000000000000000000000000000000000000000000000000000003800000000000000000000000000000000000000000000000000000010000000000000          0009470166060400000000000000000000000000000000000000000002
1022542123500018830940000316741000000                         00000007551701000000DM 00000000000000000000 01061011210035801121                    101121000000000400010400970011011210000250000000000000000000000000000000000000000000000000000000000000000000000000004000000000000000000000000000000000000000000000000000000010000000000000          0008803228063400000000000000000000000000000000000000000003
1022542123500018830940000316741000000                         00000007059601000000DM 00000000000000000000 01060911210014701121                    101121000000000380010400970010911210000250000000000000000000000000000000000000000000000000000000000000000000000000003800000000000000000000000000000000000000000000000000000010000000000000          0008318973461500000000000000000000000000000000000000000004
1022542123500018830940000316741000000                         00000007179501000000DM 00000000000000000000 01060911210015981121                    101121000000000380010400970010911210000250000000000000000000000000000000000000000000000000000000000000000000000000003800000000000000000000000000000000000000000000000000000010000000000000          0007886934067800000000000000000000000000000000000000000005
1022542123500018830940000316741000000                         00000006963301000000DM 00000000000000000000 01060911210025271121                    101121000000000400010400970010911210000250000000000000000000000000000000000000000000000000000000000000000000000000004000000000000000000000000000000000000000000000000000000010000000000000          0000677178867900000000000000000000000000000000000000000006
1022542123500018830940000316741000000                         00000007299401000000DM 00000000000000000000 01060911210006481121                    101121000000000400010400970010911210000250000000000000000000000000000000000000000000000000000000000000000000000000004000000000000000000000000000000000000000000000000000000010000000000000          0001612677762000000000000000000000000000000000000000000007
1022542123500018830940000316741000000                         00000006921401000000DM 00000000000000000000 01090811210004530521                    100521000000000400075630940010811210000100000000000000000000000000000000000000000000000000000000000000000000000000004000000000000000000000000000000000000000000000000000000010000000000000          0000786278560600000000000000000000000000000000000000000008
1022542123500018830940000316741000000                         00000007089701000000DM 00000000000000000000 01090811210022820521                    100521000000000380075630940010811210000100000000000000000000000000000000000000000000000000000000000000000000000000003800000000000000000000000000000000000000000000000000000010000000000000          0007188059365300000000000000000000000000000000000000000009
1022542123500018830940000316741000000                         00000007125801000000DM 00000000000000000000 01090811210004270521                    100521000000000380075630940010811210000100000000000000000000000000000000000000000000000000000000000000000000000000003800000000000000000000000000000000000000000000000000000010000000000000          0000329979965700000000000000000000000000000000000000000010
1022542123500018830940000316741000000                         00000007173101000000DM 00000000000000000000 01090811210015980521                    100521000000000380075630940010811210000100000000000000000000000000000000000000000000000000000000000000000000000000003800000000000000000000000000000000000000000000000000000010000000000000          0007886934067800000000000000000000000000000000000000000011
1022542123500018830940000316741000000                         00000007185001000000DM 00000000000000000000 01090811210010620521                    100521000000000380075630940010811210000100000000000000000000000000000000000000000000000000000000000000000000000000003800000000000000000000000000000000000000000000000000000010000000000000          0000055756263500000000000000000000000000000000000000000012
1022542123500018830940000316741000000                         00000007197801000000DM 00000000000000000000 01090811210008690521                    100521000000000380075630940010811210000100000000000000000000000000000000000000000000000000000000000000000000000000003800000000000000000000000000000000000000000000000000000010000000000000          0000027442861000000000000000000000000000000000000000000013
1022542123500018830940000316741000000                         00000007221001000000DM 00000000000000000000 01090811210029630521                    100521000000000400075630940010811210000100000000000000000000000000000000000000000000000000000000000000000000000000004000000000000000000000000000000000000000000000000000000010000000000000          0000559499965500000000000000000000000000000000000000000014
1022542123500018830940000316741000000                         00000007281201000000DM 00000000000000000000 01090811210010210521                    100521000000000380075630940010811210000100000000000000000000000000000000000000000000000000000000000000000000000000003800000000000000000000000000000000000000000000000000000010000000000000          0007187518269100000000000000000000000000000000000000000015
1022542123500018830940000316741000000                         00000007317201000000DM 00000000000000000000 01090811210010920521                    100521000000000380075630940010811210000100000000000000000000000000000000000000000000000000000000000000000000000000003800000000000000000000000000000000000000000000000000000010000000000000          0007570230469100000000000000000000000000000000000000000016
1022542123500018830940000316741000000                         00000007389201000000DM 00000000000000000000 01090811210004910521                    100521000000000380075630940010811210000100000000000000000000000000000000000000000000000000000000000000000000000000003800000000000000000000000000000000000000000000000000000010000000000000          0002624052160400000000000000000000000000000000000000000017
1022542123500018830940000316741000000                         00000007413501000000DM 00000000000000000000 01090811210028810521                    100521000000000400075630940010811210000100000000000000000000000000000000000000000000000000000000000000000000000000004000000000000000000000000000000000000000000000000000000010000000000000          0002729612165300000000000000000000000000000000000000000018
1022542123500018830940000316741000000                         00000007436401000000DM 00000000000000000000 01090811210022630521                    100521000000000380075630940010811210000100000000000000000000000000000000000000000000000000000000000000000000000000003800000000000000000000000000000000000000000000000000000010000000000000          0002485828563400000000000000000000000000000000000000000019
1022542123500018830940000316741000000                         00000007492701000000DM 00000000000000000000 01090811210029710521                    100521000000000400075630940010811210000100000000000000000000000000000000000000000000000000000000000000000000000000004000000000000000000000000000000000000000000000000000000010000000000000          0002729840060600000000000000000000000000000000000000000020
1022542123500018830940000316741000000                         00000007529401000000DM 00000000000000000000 01090811211000180421                    100521000000002620075630940010811210000100000000000000000000000000000000000000000000000000000000000000000000000000026200000000000000000000000000000000000000000000000000000010000000000000          1823706600016500000000000000000000000000000000000000000021
1022542123500018830940000316741000000                         00000006903101000000DM 00000000000000000000 01060511210011611121                    101121000000000380010400970010511210000250000000000000000000000000000000000000000000000000000000000000000000000000003800000000000000000000000000000000000000000000000000000010000000000000          0004342743060000000000000000000000000000000000000000000022
1022542123500018830940000316741000000                         00000006987001000000DM 00000000000000000000 01060511210010201121                    101121000000000400010400970010511210000250000000000000000000000000000000000000000000000000000000000000000000000000004000000000000000000000000000000000000000000000000000000010000000000000          0003616071763400000000000000000000000000000000000000000023
1022542123500018830940000316741000000                         00000007383901000000DM 00000000000000000000 01061011210028161121                    101121000000000400010400970011011210000250000000000000000000000000000000000000000000000000000000000000000000000000004000000000000000000000000000000000000000000000000000000010000000000000          0008257197068200000000000000000000000000000000000000000024
1022542123500018830940000316741000000                         00000007311901000000DM 00000000000000000000 01061011210029011121                    101121000000000400010400970011011210000250000000000000000000000000000000000000000000000000000000000000000000000000004000000000000000000000000000000000000000000000000000000010000000000000          0002483652468700000000000000000000000000000000000000000025
1022542123500018830940000316741000000                         00000007143001000000DM 00000000000000000000 01061011210023041121                    101121000000000400010400970011011210000250000000000000000000000000000000000000000000000000000000000000000000000000004000000000000000000000000000000000000000000000000000000010000000000000          0004225353567200000000000000000000000000000000000000000026
1022542123500018830940000316741000000                         00000007167701000000DM 00000000000000000000 01060811210008471121                    101121000000000400010400970010811210000250000000000000000000000000000000000000000000000000000000000000000000000000004000000000000000000000000000000000000000000000000000000010000000000000          0000150671660100000000000000000000000000000000000000000027
1022542123500018830940000316741000000                         00000007273301000000DM 00000000000000000000 01060811210010480921                    100921000000000400010400970010811210000250000000000000000000000000000000000000000000000000000000000000000000000000004004000000000000400000000000000000000000000000000000000010000000000000          0000027554260200000000000000000000000000000000000000000028
1022542123500018830940000316741000000                         00000007011301000000DM 00000000000000000000 01060811210016361121                    101121000000000400010400970010811210000250000000000000000000000000000000000000000000000000000000000000000000000000004000000000000000000000000000000000000000000000000000000010000000000000          0004340692069100000000000000000000000000000000000000000029
1022542123500018830940000316741000000                         00000007347301000000DM 00000000000000000000 01060811210028151121                    101121000000000400010400970010811210000250000000000000000000000000000000000000000000000000000000000000000000000000004000000000000000000000000000000000000000000000000000000010000000000000          0001026372666500000000000000000000000000000000000000000030
1022542123500018830940000316741000000                         00000006951501000000DM 00000000000000000000 01060811210014951121                    101121000000000380023716910010811210000250000000000000000000000000000000000000000000000000000000000000000000000000003800000000000000000000000000000000000000000000000000000010000000000000          0000136752462800000000000000000000000000000000000000000031
9027563094SICOOB CREDIARA          R D BOSCO                                         Centro                        38183228Araxá                         MG191120210000003000000000113                                                                                                                                                                                                                    000032
