02RETORNO01COBRANÇA       30940000327964316741J REZENDE                     756 - BANCOOB S/A 1911210000508                                                                                                                                                                                                                                                                                               000001
1022542123500018830940000316741000000                         00000006915001000000DM 00000000000000000000 01061811210005191121                    101121000000000380010400970011811210000250000000000000000000000000000000000000000000000000000000000000000000000000003803000000000000300000000000000000000000000000000000000010000000000000          0007188477760000000000000000000000000000000000000000000002
1022542123500018830940000316741000000                         00000007514401000000DM 00000000000000000000 01061711210035751121                    101121000000000400010400970011711210000250000000000000000000000000000000000000000000000000000000000000000000000000004004000000000000400000000000000000000000000000000000000010000000000000          0000188321888800000000000000000000000000000000000000000003
1022542123500018830940000316741000000                         00000007156601000000DM 00000000000000000000 01061611210002361221                    101221000000000400010400970011611210000250000000000000000000000000000000000000000000000000000000000000000000000000004000000000000000000000000000000000000000000000000000000010000000000000          0000569370264200000000000000000000000000000000000000000004
1022542123500018830940000316741000000                         00000007359101000000DM 00000000000000000000 01061611210000411121                    101121000000000380010400970011611210000250000000000000000000000000000000000000000000000000000000000000000000000000003803000000000000300000000000000000000000000000000000000010000000000000          0000565324365500000000000000000000000000000000000000000005
9027563094SICOOB CREDIARA          R D BOSCO                                         Centro                        38183228Araxá                         MG191120210000000400000000113                                                                                                                                                                                                                    000006
