02RETORNO01COBRANÇA       30940000327964316741J REZENDE                     756 - BANCOOB S/A 1911210000505                                                                                                                                                                                                                                                                                               000001
1022542123500018830940000316741000000                         00000007432501000000DM 00000000000000000000 01060411210005351221                    101221000000000380010400970010411210000250000000000000000000000000000000000000000000000000000000000000000000000000003800000000000000000000000000000000000000000000000000000010000000000000          0000659773163800000000000000000000000000000000000000000002
1022542123500018830940000316741000000                         00000007431801000000DM 00000000000000000000 01060411210005351121                    101121000000000380010400970010411210000250000000000000000000000000000000000000000000000000000000000000000000000000003800000000000000000000000000000000000000000000000000000010000000000000          0000659773163800000000000000000000000000000000000000000003
1022542123500018830940000316741000000                         00000007250401000000DM 00000000000000000000 01060311210005451021                    101021000000000380010400970010311210000250000000000000000000000000000000000000000000000000000000000000000000000000003803000000000000300000000000000000000000000000000000000010000000000000          0003013578866800000000000000000000000000000000000000000004
1022542123500018830940000316741000000                         00000006879901000000DM 00000000000000000000 01060311210026741121                    101121000000000400023716910010311210000250000000000000000000000000000000000000000000000000000000000000000000000000004000000000000000000000000000000000000000000000000000000010000000000000          0000954360460600000000000000000000000000000000000000000005
1022542123500018830940000316741000000                         00000006867001000000DM 00000000000000000000 01060311210014581121                    101121000000000380010400970010311210000250000000000000000000000000000000000000000000000000000000000000000000000000003800000000000000000000000000000000000000000000000000000010000000000000          0002361630010000000000000000000000000000000000000000000006
1022542123500018830940000316741000000                         00000007481601000000DM 00000000000000000000 01060111210028821121                    101121000000000400010400970010111210000250000000000000000000000000000000000000000000000000000000000000000000000000004000000000000000000000000000000000000000000000000000000010000000000000          0008182941865300000000000000000000000000000000000000000007
1022542123500018830940000316741000000                         00000006975101000000DM 00000000000000000000 01060111210017951121                    101121000000000380010400970010111210000250000000000000000000000000000000000000000000000000000000000000000000000000003800000000000000000000000000000000000000000000000000000010000000000000          0000027258068600000000000000000000000000000000000000000008
1022542123500018830940000316741000000                         00000007336201000000DM 00000000000000000000 01060111210001141221                    101221000000000380010400970010111210000250000000000000000000000000000000000000000000000000000000000000000000000000003800000000000000000000000000000000000000000000000000000010000000000000          0004897155363400000000000000000000000000000000000000000009
9027563094SICOOB CREDIARA          R D BOSCO                                         Centro                        38183228Araxá                         MG191120210000000800000000113                                                                                                                                                                                                                    000010
