02RETORNO01COBRANÇA       30940000327964316741INOVA TECNOLOGIA DE INFORMACAO756 - BANCOOB S/A 1311230000599                                                                                                                                                                                                                                                                                               000001
1022542123500018830940000316741000000                         00000008353701000000DM 00000000000000000000 01062209230010140923                    100923000000000420010400970012209230000250000000000000000000000000000000000000000000000000000000000000000000000000004204000000000000400000000000000000000000000000000000000010000000000000          0005764752663400000000000000000000000000000000000000000002
9027563094SICOOB CREDIARA          R D BOSCO                                         Centro                        38183228Araxá                         MG131120230000000100000000113                                                                                                                                                                                                                    000003
