02RETORNO01COBRANÇA       30940000327964316741INOVA TECNOLOGIA DE INFORMACAO756 - BANCOOB S/A 1311230000600                                                                                                                                                                                                                                                                                               000001
1022542123500018830940000316741000000                         00000008246301000000DM 00000000000000000000 01062509230010201023                    101023000000000400010447510012509230000250000000000000000000000000000000000000000000000000000000000000000000000000004000000000000000000000000000000000000000000000000000000010000000000000          0003616071763400000000000000000000000000000000000000000002
9027563094SICOOB CREDIARA          R D BOSCO                                         Centro                        38183228Araxá                         MG131120230000000100000000113                                                                                                                                                                                                                    000003
