02RETORNO01COBRANÇA       30940000327964316741INOVA TECNOLOGIA DE INFORMACAO756 - BANCOOB S/A 1311230000606                                                                                                                                                                                                                                                                                               000001
1022542123500018830940000316741000000                         00000008315701000000DM 00000000000000000000 01061007230009010723                    100723000000000430010447510011007230000250000000000000000000000000000000000000000000000000000000000000000000000000004300000000000000000000000000000000000000000000000000000010000000000000          0009470166060400000000000000000000000000000000000000000002
1022542123500018830940000316741000000                         00000008231301000000DM 00000000000000000000 01061007230006480723                    100723000000000420010400970011007230000250000000000000000000000000000000000000000000000000000000000000000000000000004200000000000000000000000000000000000000000000000000000010000000000000          0001612677762000000000000000000000000000000000000000000003
1022542123500018830940000316741000000                         00000008153301000000DM 00000000000000000000 01091007230035790123                    100123000000000450075630940011007230000100000000000000000000000000000000000000000000000000000000000000000000000000004500000000000000000000000000000000000000000000000000000010000000000000          0000967040361800000000000000000000000000000000000000000004
1022542123500018830940000316741000000                         00000008177001000000DM 00000000000000000000 01091007230008690123                    100123000000000430075630940011007230000100000000000000000000000000000000000000000000000000000000000000000000000000004300000000000000000000000000000000000000000000000000000010000000000000          0000027442861000000000000000000000000000000000000000000005
1022542123500018830940000316741000000                         00000008189801000000DM 00000000000000000000 01091007230004530123                    100123000000000450075630940011007230000100000000000000000000000000000000000000000000000000000000000000000000000000004500000000000000000000000000000000000000000000000000000010000000000000          0000786278560600000000000000000000000000000000000000000006
1022542123500018830940000316741000000                         00000008321101000000DM 00000000000000000000 01091007230004160123                    100123000000000430075630940011007230000100000000000000000000000000000000000000000000000000000000000000000000000000004300000000000000000000000000000000000000000000000000000010000000000000          0009147587261500000000000000000000000000000000000000000007
1022542123500018830940000316741000000                         00000008357601000000DM 00000000000000000000 01091007230027000123                    100123000000000450075630940011007230000100000000000000000000000000000000000000000000000000000000000000000000000000004500000000000000000000000000000000000000000000000000000010000000000000          0000487456467400000000000000000000000000000000000000000008
1022542123500018830940000316741000000                         00000008369401000000DM 00000000000000000000 01091007230013890123                    100123000000000450075630940011007230000100000000000000000000000000000000000000000000000000000000000000000000000000004500000000000000000000000000000000000000000000000000000010000000000000          0000690262868800000000000000000000000000000000000000000009
1022542123500018830940000316741000000                         00000008428401000000DM 00000000000000000000 01091007230004910123                    100123000000000450075630940011007230000100000000000000000000000000000000000000000000000000000000000000000000000000004500000000000000000000000000000000000000000000000000000010000000000000          0002624052160400000000000000000000000000000000000000000010
1022542123500018830940000316741000000                         00000008447401000000DM 00000000000000000000 01091007230002360123                    100123000000000450075630940011007230000100000000000000000000000000000000000000000000000000000000000000000000000000004500000000000000000000000000000000000000000000000000000010000000000000          0000569370264200000000000000000000000000000000000000000011
1022542123500018830940000316741000000                         00000008147901000000DM 00000000000000000000 01061007230028150723                    100723000000000450010400970011007230000250000000000000000000000000000000000000000000000000000000000000000000000000004500000000000000000000000000000000000000000000000000000010000000000000          0001026372666500000000000000000000000000000000000000000012
1022542123500018830940000316741000000                         00000008303901000000DM 00000000000000000000 01061007230030690723                    100723000000000450075630940011007230000250000000000000000000000000000000000000000000000000000000000000000000000000004500000000000000000000000000000000000000000000000000000010000000000000          0006037461660400000000000000000000000000000000000000000013
1022542123500018830940000316741000000                         00000008291501000000DM 00000000000000000000 01061007230029010723                    100723000000000450010400970011007230000250000000000000000000000000000000000000000000000000000000000000000000000000004500000000000000000000000000000000000000000000000000000010000000000000          0002483652468700000000000000000000000000000000000000000014
1022542123500018830940000316741000000                         00000008454601000000DM 00000000000000000000 01060707230002360823                    100823000000000450010400970010707230000250000000000000000000000000000000000000000000000000000000000000000000000000004500000000000000000000000000000000000000000000000000000010000000000000          0000569370264200000000000000000000000000000000000000000015
1022542123500018830940000316741000000                         00000008171601000000DM 00000000000000000000 01060707230005190723                    100723000000000430010400970010707230000250000000000000000000000000000000000000000000000000000000000000000000000000004300000000000000000000000000000000000000000000000000000010000000000000          0007188477760000000000000000000000000000000000000000000016
1022542123500018830940000316741000000                         00000008245601000000DM 00000000000000000000 01060607230010200923                    100923000000000400010447510010607230000250000000000000000000000000000000000000000000000000000000000000000000000000004000000000000000000000000000000000000000000000000000000010000000000000          0003616071763400000000000000000000000000000000000000000017
1022542123500018830940000316741000000                         00000008207601000000DM 00000000000000000000 01060607230011030723                    100723000000000430010400970010607230000250000000000000000000000000000000000000000000000000000000000000000000000000004300000000000000000000000000000000000000000000000000000010000000000000          0008715135969100000000000000000000000000000000000000000018
9027563094SICOOB CREDIARA          R D BOSCO                                         Centro                        38183228Araxá                         MG131120230000001700000000113                                                                                                                                                                                                                    000019
