02RETORNO01COBRANÇA       30940000327964316741INOVA TECNOLOGIA DE INFORMACAO756 - BANCOOB S/A 1311230000605                                                                                                                                                                                                                                                                                               000001
1022542123500018830940000316741000000                         00000008464001000000DM 00000000000000000000 01060507230001140723                    100723000000000430010400970010507230000250000000000000000000000000000000000000000000000000000000000000000000000000004300000000000000000000000000000000000000000000000000000010000000000000          0004897155363400000000000000000000000000000000000000000002
1022542123500018830940000316741000000                         00000008386001000000DM 00000000000000000000 01060507230011610623                    100623000000000430010400970010507230000250000000000000000000000000000000000000000000000000000000000000000000000000004304000000000000400000000000000000000000000000000000000010000000000000          0004342743060000000000000000000000000000000000000000000003
1022542123500018830940000316741000000                         00000008279601000000DM 00000000000000000000 01060407230028820723                    100723000000000450010400970010407230000250000000000000000000000000000000000000000000000000000000000000000000000000004500000000000000000000000000000000000000000000000000000010000000000000          0008182941865300000000000000000000000000000000000000000004
9027563094SICOOB CREDIARA          R D BOSCO                                         Centro                        38183228Araxá                         MG131120230000000300000000113                                                                                                                                                                                                                    000005
