02RETORNO01COBRANÇA       30940000327964316741INOVA TECNOLOGIA DE INFORMACAO756 - BANCOOB S/A 1311230000607                                                                                                                                                                                                                                                                                               000001
1022542123500018830940000316741000000                         00000008339301000000DM 00000000000000000000 01061407230000410723                    100723000000000430010400970011407230000250000000000000000000000000000000000000000000000000000000000000000000000000004304000000000000400000000000000000000000000000000000000010000000000000          0000565324365500000000000000000000000000000000000000000002
9027563094SICOOB CREDIARA          R D BOSCO                                         Centro                        38183228Araxá                         MG131120230000000100000000113                                                                                                                                                                                                                    000003
