02RETORNO01COBRANÇA       30940000327964316741J REZENDE - ME                756 - BANCOOB S/A 1201170000019                                                                                                                                                                                                                                                                                               000001
1022542123500018830940000316741000000                         00000000837501000000DM 00000000000000000000 01061001170011390117                    100117000000000294010400970011001170000250000000000000000000000000000000000000000000000000000000000000000000000000002940000000000000000000000000000000000000000000000000000010000000000000          0009651106069100000000000000000000000000000000000000000002
1022542123500018830940000316741000000                         00000002088401000000DM 00000000000000000000 01061001170026650117                    100117000000000349034109440011001170000250000000000000000000000000000000000000000000000000000000000000000000000000003490000000000000000000000000000000000000000000000000000010000000000000          0000694769266000000000000000000000000000000000000000000003
1022542123500018830940000316741000000                         00000002256201000000DM 00000000000000000000 01061001170014700117                    100117000000000294010400970011001170000250000000000000000000000000000000000000000000000000000000000000000000000000002940000000000000000000000000000000000000000000000000000010000000000000          0008318973461500000000000000000000000000000000000000000004
1022542123500018830940000316741000000                         00000002208901000000DM 00000000000000000000 01061001170014420117                    100117000000000294010400970011001170000250000000000000000000000000000000000000000000000000000000000000000000000000002940000000000000000000000000000000000000000000000000000010000000000000          0000534757766500000000000000000000000000000000000000000005
1022542123500018830940000316741000000                         00000001377001000000DM 00000000000000000000 01061001170023060117                    100117000000000349010400970011001170000250000000000000000000000000000000000000000000000000000000000000000000000000003490000000000000000000000000000000000000000000000000000010000000000000          0000284027162100000000000000000000000000000000000000000006
1022542123500018830940000316741000000                         00000002422601000000DM 00000000000000000000 01061001171000121216                    100117000000000957034199260011001170000250000000000000000000000000000000000000000000000000000000000000000000000000009570000000000000000000000000000000000000000000000000000010000000000000          7097216100012200000000000000000000000000000000000000000007
1022542123500018830940000316741000000                         00000000597101000000DM 00000000000000000000 01061001170009010117                    100117000000000294010400970011001170000250000000000000000000000000000000000000000000000000000000000000000000000000002940000000000000000000000000000000000000000000000000000010000000000000          0009470166060400000000000000000000000000000000000000000008
1022542123500018830940000316741000000                         00000000645001000000DM 00000000000000000000 01061001170005930117                    100117000000000294010400970011001170000250000000000000000000000000000000000000000000000000000000000000000000000000002940000000000000000000000000000000000000000000000000000010000000000000          0003023575860400000000000000000000000000000000000000000009
1022542123500018830940000316741000000                         00000000669701000000DM 00000000000000000000 01061001170009450117                    100117000000000294010400970011001170000250000000000000000000000000000000000000000000000000000000000000000000000000002940000000000000000000000000000000000000000000000000000010000000000000          0009277825960000000000000000000000000000000000000000000010
1022542123500018830940000316741000000                         00000002076601000000DM 00000000000000000000 01101001170026600117                    100117000000000349075630940011001170000100000000000000000000000000000000000000000000000000000000000000000000000000003490000000000000000000000000000000000000000000000000000010000000000000          0000708302670000000000000000000000000000000000000000000011
1022542123500018830940000316741000000                         00000000234201000000DM 00000000000000000000 01061001170003300117                    100117000000000294010400970011001170000250000000000000000000000000000000000000000000000000000000000000000000000000002940000000000000000000000000000000000000000000000000000010000000000000          0000916024261200000000000000000000000000000000000000000012
1022542123500018830940000316741000000                         00000000403801000000DM 00000000000000000000 01061001170006790117                    100117000000000349013658110011001170000250000000000000000000000000000000000000000000000000000000000000000000000000003490000000000000000000000000000000000000000000000000000010000000000000          0003619380163400000000000000000000000000000000000000000013
1022542123500018830940000316741000000                         00000001521101000000DM 00000000000000000000 01101001170028530117                    100117000000000349075630940011001170000100000000000000000000000000000000000000000000000000000000000000000000000000003490000000000000000000000000000000000000000000000000000010000000000000          0007188229465300000000000000000000000000000000000000000014
1022542123500018830940000316741000000                         00000001932001000000DM 00000000000000000000 01061001170025420117                    100117000000000349010400970011001170000250000000000000000000000000000000000000000000000000000000000000000000000000003490000000000000000000000000000000000000000000000000000010000000000000          0002891803760000000000000000000000000000000000000000000015
1022542123500018830940000316741000000                         00000001992101000000DM 00000000000000000000 01061001170025920117                    100117000000000349010400970011001170000250000000000000000000000000000000000000000000000000000000000000000000000000003490000000000000000000000000000000000000000000000000000010000000000000          0009838358266800000000000000000000000000000000000000000016
1022542123500018830940000316741000000                         00000002420101000000DM 00000000000000000000 01061001171000101216                    100117000000001595034199260011001170000250000000000000000000000000000000000000000000000000000000000000000000000000015950000000000000000000000000000000000000000000000000000010000000000000          7097303700034300000000000000000000000000000000000000000017
1022542123500018830940000316741000000                         00000000353401000000DM 00000000000000000000 01061001170004600117                    100117000000000294034109440011001170000250000000000000000000000000000000000000000000000000000000000000000000000000002940000000000000000000000000000000000000000000000000000010000000000000          0004085395076800000000000000000000000000000000000000000018
1022542123500018830940000316741000000                         00000001221601000000DM 00000000000000000000 01101001170022630117                    100117000000000294075630940011001170000100000000000000000000000000000000000000000000000000000000000000000000000000002940000000000000000000000000000000000000000000000000000010000000000000          0002485828563400000000000000000000000000000000000000000019
1022542123500018830940000316741000000                         00000001089201000000DM 00000000000000000000 01061001170015840117                    100117000000000294010400970011001170000250000000000000000000000000000000000000000000000000000000000000000000000000002940000000000000000000000000000000000000000000000000000010000000000000          0006872201061000000000000000000000000000000000000000000020
1022542123500018830940000316741000000                         00000002424001000000DM 00000000000000000000 01061001171000151216                    100117000000001595034199260011001170000250000000000000000000000000000000000000000000000000000000000000000000000000015950000000000000000000000000000000000000000000000000000010000000000000          7097303700093900000000000000000000000000000000000000000021
1022542123500018830940000316741000000                         00000001944801000000DM 00000000000000000000 01061001170025530117                    100117000000000349010400970011001170000250000000000000000000000000000000000000000000000000000000000000000000000000003490000000000000000000000000000000000000000000000000000010000000000000          0000588234869200000000000000000000000000000000000000000022
1022542123500018830940000316741000000                         00000002426501000000DM 00000000000000000000 01061001170030191216                    100117000000000319034199260011001170000250000000000000000000000000000000000000000000000000000000000000000000000000003190000000000000000000000000000000000000000000000000000010000000000000          0000766983862000000000000000000000000000000000000000000023
1022542123500018830940000316741000000                         00000002526701000000DM 00000000000000000000 01061001170030311216                    100117000000001222234164350011001170000250000000000000000000000000000000000000000000000000000000000000000000000000012222000000000000000000000000000000000000000000000000000010000000000000          0000848099966700000000000000000000000000000000000000000024
1022542123500018830940000316741000000                         00000000909001000000DM 00000000000000000000 01061001170012340117                    100117000000000294010400970011001170000250000000000000000000000000000000000000000000000000000000000000000000000000002940000000000000000000000000000000000000000000000000000010000000000000          0008461066260400000000000000000000000000000000000000000025
1022542123500018830940000316741000000                         00000002244401000000DM 00000000000000000000 01101001170014580117                    100117000000000294075630940011001170000100000000000000000000000000000000000000000000000000000000000000000000000000002940000000000000000000000000000000000000000000000000000010000000000000          0002361630010000000000000000000000000000000000000000000026
1022542123500018830940000316741000000                         00000001222301000000DM 00000000000000000000 01101001170022630217                    100217000000000294075630940011001170000100000000000000000000000000000000000000000000000000000000000000000000000000002940000000000000000000000000000000000000000000000000000010000000000000          0002485828563400000000000000000000000000000000000000000027
1022542123500018830940000316741000000                         00000001077401000000DM 00000000000000000000 01061001170015740117                    100117000000000294010400970011001170000250000000000000000000000000000000000000000000000000000000000000000000000000002940000000000000000000000000000000000000000000000000000010000000000000          0003615826760000000000000000000000000000000000000000000028
1022542123500018830940000316741000000                         00000001629101000000DM 00000000000000000000 01061001170029220117                    100117000000000349000102100011001170000250000000000000000000000000000000000000000000000000000000000000000000000000003490000000000000000000000000000000000000000000000000000010000000000000          0005554795862000000000000000000000000000000000000000000029
1022542123500018830940000316741000000                         00000002418601000000DM 00000000000000000000 01061001171000081216                    100117000000001397063400190011001170000250000000000000000000000000000000000000000000000000000000000000000000000000013970000000000000000000000000000000000000000000000000000010000000000000          3874637600011200000000000000000000000000000000000000000030
1022542123500018830940000316741000000                         00000000511901000000DM 00000000000000000000 01061001170008390117                    100117000000000294034109440011001170000250000000000000000000000000000000000000000000000000000000000000000000000000002940000000000000000000000000000000000000000000000000000010000000000000          0004904386264900000000000000000000000000000000000000000031
1022542123500018830940000316741000000                         00000000729401000000DM 00000000000000000000 01101001170010200117                    100117000000000349075630940011001170000100000000000000000000000000000000000000000000000000000000000000000000000000003490000000000000000000000000000000000000000000000000000010000000000000          0003616071763400000000000000000000000000000000000000000032
1022542123500018830940000316741000000                         00000002028201000000DM 00000000000000000000 01061001170025960117                    100117000000000349010400970011001170000250000000000000000000000000000000000000000000000000000000000000000000000000003490000000000000000000000000000000000000000000000000000010000000000000          0009277829168700000000000000000000000000000000000000000033
1022542123500018830940000316741000000                         00000001223001000000DM 00000000000000000000 01101001170022630317                    100317000000000294075630940011001170000100000000000000000000000000000000000000000000000000000000000000000000000000002940000000000000000000000000000000000000000000000000000010000000000000          0002485828563400000000000000000000000000000000000000000034
1022542123500018830940000316741000000                         00000002416101000000DM 00000000000000000000 01061001171000071216                    100117000000002695034199260011001170000250000000000000000000000000000000000000000000000000000000000000000000000000026950000000000000000000000000000000000000000000000000000010000000000000          7097303700069600000000000000000000000000000000000000000035
1022542123500018830940000316741000000                         00000002419301000000DM 00000000000000000000 01061001171000091216                    100117000000000319034199260011001170000250000000000000000000000000000000000000000000000000000000000000000000000000003190000000000000000000000000000000000000000000000000000010000000000000          7097303700042400000000000000000000000000000000000000000036
1022542123500018830940000316741000000                         00000001581301000000DM 00000000000000000000 01061001170028970117                    100117000000000349010400970011001170000250000000000000000000000000000000000000000000000000000000000000000000000000003490000000000000000000000000000000000000000000000000000010000000000000          0005968516666800000000000000000000000000000000000000000037
9027563094SICOOB CREDIARA          RUA MARIA RITA DE AGUIAR                          CENTRO                        38183236ARAXÁ                         MG120120170000003600000000113                                                                                                                                                                                                                    000038
