02RETORNO01COBRANÇA       30940000327964316741J REZENDE                     756 - BANCOOB S/A 0312180000269                                                                                                                                                                                                                                                                                               000001
1022542123500018830940000316741000000                         00000003924901000000DM 00000000000000000000 01102711180025961118                    101118000000000374075630940012711180000100000000000000000000000000000000000000000000000000000000000000000000000000003740000000000000000000000000000000000000000000000000000010000000000000          0009277829168700000000000000000000000000000000000000000002
1022542123500018830940000316741000000                         00000003559901000000DM 00000000000000000000 01102711180022691118                    101118000000000374075630940012711180000100000000000000000000000000000000000000000000000000000000000000000000000000003740000000000000000000000000000000000000000000000000000010000000000000          0006307307269100000000000000000000000000000000000000000003
1022542123500018830940000316741000000                         00000002811201000000DM 00000000000000000000 01102711180002561018                    101018000000000324075630940012711180000100000000000000000000000000000000000000000000000000000000000000000000000000003240000000000000000000000000000000000000000000000000000010000000000000          0000474784860600000000000000000000000000000000000000000004
1022542123500018830940000316741000000                         00000003379201000000DM 00000000000000000000 01102711180024541018                    201018000000000374075630940012711180000100000000000000000000000000000000000000000000000000000000000000000000000000003740000000000000000000000000000000000000000000000000000010000000000000          0000847276465600000000000000000000000000000000000000000005
1022542123500018830940000316741000000                         00000003739501000000DM 00000000000000000000 01102711180029631118                    101118000000000374075630940012711180000100000000000000000000000000000000000000000000000000000000000000000000000000003740000000000000000000000000000000000000000000000000000010000000000000          0000559499965500000000000000000000000000000000000000000006
1022542123500018830940000316741000000                         00000003224601000000DM 00000000000000000000 01102711180010201118                    101118000000000374075630940012711180000100000000000000000000000000000000000000000000000000000000000000000000000000003740000000000000000000000000000000000000000000000000000010000000000000          0003616071763400000000000000000000000000000000000000000007
1022542123500018830940000316741000000                         00000003332701000000DM 00000000000000000000 01102711180013891118                    151118000000000324075630940012711180000100000000000000000000000000000000000000000000000000000000000000000000000000003240000000000000000000000000000000000000000000000000000010000000000000          0000690262868800000000000000000000000000000000000000000008
1022542123500018830940000316741000000                         00000003923101000000DM 00000000000000000000 01102711180025961018                    101018000000000374075630940012711180000100000000000000000000000000000000000000000000000000000000000000000000000000003740000000000000000000000000000000000000000000000000000010000000000000          0009277829168700000000000000000000000000000000000000000009
9027563094SICOOB CREDIARA          RUA MARIA RITA DE AGUIAR                          CENTRO                        38183236ARAXÁ                         MG031220180000000800000000113                                                                                                                                                                                                                    000010
