02RETORNO01COBRANÇA       30940000327964316741J REZENDE                     756 - BANCOOB S/A 0312180000270                                                                                                                                                                                                                                                                                               000001
1022542123500018830940000316741000000                         00000003937401000000DM 00000000000000000000 01063011180026051218                    101218000000000374010400970013011180000250000000000000000000000000000000000000000000000000000000000000000000000000003740000000000000000000000000000000000000000000000000000010000000000000          0000258153466400000000000000000000000000000000000000000002
1022542123500018830940000316741000000                         00000004033801000000DM 00000000000000000000 01063011180027131218                    101218000000000374010400970013011180000250000000000000000000000000000000000000000000000000000000000000000000000000003740000000000000000000000000000000000000000000000000000010000000000000          0009652261564900000000000000000000000000000000000000000003
1022542123500018830940000316741000000                         00000003441501000000DM 00000000000000000000 01063011180015741218                    101218000000000324010400970013011180000250000000000000000000000000000000000000000000000000000000000000000000000000003240000000000000000000000000000000000000000000000000000010000000000000          0004684573966800000000000000000000000000000000000000000004
9027563094SICOOB CREDIARA          RUA MARIA RITA DE AGUIAR                          CENTRO                        38183236ARAXÁ                         MG031220180000000300000000113                                                                                                                                                                                                                    000005
