02RETORNO01COBRANÇA       30940000327964316741J REZENDE                     756 - BANCOOB S/A 1712180000273                                                                                                                                                                                                                                                                                               000001
1022542123500018830940000316741000000                         00000003387101000000DM 00000000000000000000 01091012180024730618                    100618000000000374075630940011012180000100000000000000000000000000000000000000000000000000000000000000000000000000003740000000000000000000000000000000000000000000000000000010000000000000          0001603579869100000000000000000000000000000000000000000002
1022542123500018830940000316741000000                         00000003501201000000DM 00000000000000000000 01061012180017221218                    101218000000000324010400970011012180000250000000000000000000000000000000000000000000000000000000000000000000000000003240000000000000000000000000000000000000000000000000000010000000000000          0000326379860000000000000000000000000000000000000000000003
1022542123500018830940000316741000000                         00000004129001000000DM 00000000000000000000 01061012180004271218                    101218000000000324010400970011012180000250000000000000000000000000000000000000000000000000000000000000000000000000003240000000000000000000000000000000000000000000000000000010000000000000          0000329979965700000000000000000000000000000000000000000004
1022542123500018830940000316741000000                         00000003764001000000DM 00000000000000000000 01060712180029701218                    101218000000000374010400970010712180000250000000000000000000000000000000000000000000000000000000000000000000000000003740000000000000000000000000000000000000000000000000000010000000000000          0000214486281800000000000000000000000000000000000000000005
1022542123500018830940000316741000000                         00000003770401000000DM 00000000000000000000 01091012180029710618                    100618000000000374075630940011012180000100000000000000000000000000000000000000000000000000000000000000000000000000003740000000000000000000000000000000000000000000000000000010000000000000          0002729840060600000000000000000000000000000000000000000006
1022542123500018830940000316741000000                         00000003799701000000DM 00000000000000000000 01091012180030640618                    100618000000000374075630940011012180000100000000000000000000000000000000000000000000000000000000000000000000000000003740000000000000000000000000000000000000000000000000000010000000000000          0000507097947700000000000000000000000000000000000000000007
1022542123500018830940000316741000000                         00000003865901000000DM 00000000000000000000 01061012180030331218                    101218000000000374010400970011012180000250000000000000000000000000000000000000000000000000000000000000000000000000003740000000000000000000000000000000000000000000000000000010000000000000          0008285259668700000000000000000000000000000000000000000008
1022542123500018830940000316741000000                         00000002979401000000DM 00000000000000000000 01091012180004730618                    100618000000000324075630940011012180000100000000000000000000000000000000000000000000000000000000000000000000000000003240000000000000000000000000000000000000000000000000000010000000000000          0004063987868700000000000000000000000000000000000000000009
1022542123500018830940000316741000000                         00000003075801000000DM 00000000000000000000 01091012180008470618                    100618000000000374075630940011012180000100000000000000000000000000000000000000000000000000000000000000000000000000003740000000000000000000000000000000000000000000000000000010000000000000          0000150671660100000000000000000000000000000000000000000010
1022542123500018830940000316741000000                         00000004375201000000DM 00000000000000000000 01091012180030410618                    100618000000000374075630940011012180000100000000000000000000000000000000000000000000000000000000000000000000000000003740000000000000000000000000000000000000000000000000000010000000000000          0006919796260000000000000000000000000000000000000000000011
1022542123500018830940000316741000000                         00000004740201000000DM 00000000000000000000 01061012180004160119                    100119000000000324034109440011012180000250000000000000000000000000000000000000000000000000000000000000000000000000003240000000000000000000000000000000000000000000000000000010000000000000          0009147587261500000000000000000000000000000000000000000012
1022542123500018830940000316741000000                         00000003153801000000DM 00000000000000000000 01061012180005931218                    101218000000000324010400970011012180000250000000000000000000000000000000000000000000000000000000000000000000000000003240000000000000000000000000000000000000000000000000000010000000000000          0003023575860400000000000000000000000000000000000000000013
1022542123500018830940000316741000000                         00000002801901000000DM 00000000000000000000 01061012180002471218                    101218000000000324010400970011012180000250000000000000000000000000000000000000000000000000000000000000000000000000003240000000000000000000000000000000000000000000000000000010000000000000          0000356167569700000000000000000000000000000000000000000014
1022542123500018830940000316741000000                         00000002909901000000DM 00000000000000000000 01060712180004531218                    101218000000000374010400970010712180000250000000000000000000000000000000000000000000000000000000000000000000000000003740000000000000000000000000000000000000000000000000000010000000000000          0000786278560600000000000000000000000000000000000000000015
1022542123500018830940000316741000000                         00000002931101000000DM 00000000000000000000 01091012180001270618                    100618000000000324075630940011012180000100000000000000000000000000000000000000000000000000000000000000000000000000003240000000000000000000000000000000000000000000000000000010000000000000          0000557190363500000000000000000000000000000000000000000016
1022542123500018830940000316741000000                         00000002943001000000DM 00000000000000000000 01091012180004600618                    100618000000000324075630940011012180000100000000000000000000000000000000000000000000000000000000000000000000000000003240000000000000000000000000000000000000000000000000000010000000000000          0004085395076800000000000000000000000000000000000000000017
1022542123500018830940000316741000000                         00000003015601000000DM 00000000000000000000 01091012180007430618                    100618000000000324075630940011012180000100000000000000000000000000000000000000000000000000000000000000000000000000003240000000000000000000000000000000000000000000000000000010000000000000          0000653259166100000000000000000000000000000000000000000018
1022542123500018830940000316741000000                         00000003033901000000DM 00000000000000000000 01061012180008391218                    101218000000000324010400970011012180000250000000000000000000000000000000000000000000000000000000000000000000000000003240000000000000000000000000000000000000000000000000000010000000000000          0004904386264900000000000000000000000000000000000000000019
1022542123500018830940000316741000000                         00000003087601000000DM 00000000000000000000 01091012180008690618                    100618000000000324075630940011012180000100000000000000000000000000000000000000000000000000000000000000000000000000003240000000000000000000000000000000000000000000000000000010000000000000          0000027442861000000000000000000000000000000000000000000020
1022542123500018830940000316741000000                         00000003728401000000DM 00000000000000000000 01061112180029221218                    101218000000000374000102100011112180000250000000000000000000000000000000000000000000000000000000000000000000000000003744000000000000400000000000000000000000000000000000000010000000000000          0005554795862000000000000000000000000000000000000000000021
1022542123500018830940000316741000000                         00000003787901000000DM 00000000000000000000 01091012180029770618                    100618000000000374075630940011012180000100000000000000000000000000000000000000000000000000000000000000000000000000003740000000000000000000000000000000000000000000000000000010000000000000          0006219557360000000000000000000000000000000000000000000022
1022542123500018830940000316741000000                         00000004051001000000DM 00000000000000000000 01091012180014430618                    100618000000000324075630940011012180000100000000000000000000000000000000000000000000000000000000000000000000000000003240000000000000000000000000000000000000000000000000000010000000000000          0000696140365400000000000000000000000000000000000000000023
1022542123500018830940000316741000000                         00000004105301000000DM 00000000000000000000 01061012180014951218                    101218000000000324010400970011012180000250000000000000000000000000000000000000000000000000000000000000000000000000003240000000000000000000000000000000000000000000000000000010000000000000          0000136752462800000000000000000000000000000000000000000024
1022542123500018830940000316741000000                         00000004195601000000DM 00000000000000000000 01091012180030420618                    100618000000000374075630940011012180000100000000000000000000000000000000000000000000000000000000000000000000000000003740000000000000000000000000000000000000000000000000000010000000000000          0001076302165200000000000000000000000000000000000000000025
1022542123500018830940000316741000000                         00000004261801000000DM 00000000000000000000 01061012180029061218                    101218000000000374023765470011012180000250000000000000000000000000000000000000000000000000000000000000000000000000003740000000000000000000000000000000000000000000000000000010000000000000          0007331229087200000000000000000000000000000000000000000026
1022542123500018830940000316741000000                         00000003447901000000DM 00000000000000000000 01091012180015840618                    100618000000000324075630940011012180000100000000000000000000000000000000000000000000000000000000000000000000000000003240000000000000000000000000000000000000000000000000000010000000000000          0006872201061000000000000000000000000000000000000000000027
1022542123500018830940000316741000000                         00000004466801000000DM 00000000000000000000 01091012180030670618                    100618000000000374075630940011012180000100000000000000000000000000000000000000000000000000000000000000000000000000003740000000000000000000000000000000000000000000000000000010000000000000          0004937862766800000000000000000000000000000000000000000028
1022542123500018830940000316741000000                         00000003267201000000DM 00000000000000000000 01091012180011390618                    100618000000000324075630940011012180000100000000000000000000000000000000000000000000000000000000000000000000000000003240000000000000000000000000000000000000000000000000000010000000000000          0009651106069100000000000000000000000000000000000000000029
1022542123500018830940000316741000000                         00000003548801000000DM 00000000000000000000 01061012180022661218                    101218000000000374010400970011012180000250000000000000000000000000000000000000000000000000000000000000000000000000003740000000000000000000000000000000000000000000000000000010000000000000          0004170441060600000000000000000000000000000000000000000030
1022542123500018830940000316741000000                         00000004206201000000DM 00000000000000000000 01091012180030430618                    100618000000000374075630940011012180000100000000000000000000000000000000000000000000000000000000000000000000000000003740000000000000000000000000000000000000000000000000000010000000000000          0000394635469600000000000000000000000000000000000000000031
1022542123500018830940000316741000000                         00000003841201000000DM 00000000000000000000 01061112180030141218                    101218000000000374010400970011112180000250000000000000000000000000000000000000000000000000000000000000000000000000003744000000000000400000000000000000000000000000000000000010000000000000          0000506908968400000000000000000000000000000000000000000032
1022542123500018830940000316741000000                         00000003847601000000DM 00000000000000000000 01091012180030290618                    100618000000000374075630940011012180000100000000000000000000000000000000000000000000000000000000000000000000000000003740000000000000000000000000000000000000000000000000000010000000000000          0001252081260500000000000000000000000000000000000000000033
1022542123500018830940000316741000000                         00000003961101000000DM 00000000000000000000 01061012180026651218                    101218000000000374034109440011012180000250000000000000000000000000000000000000000000000000000000000000000000000000003740000000000000000000000000000000000000000000000000000010000000000000          0000694769266000000000000000000000000000000000000000000034
1022542123500018830940000316741000000                         00000004570001000000DM 00000000000000000000 01091012180026040618                    100618000000000374075630940011012180000100000000000000000000000000000000000000000000000000000000000000000000000000003740000000000000000000000000000000000000000000000000000010000000000000          0007148771960400000000000000000000000000000000000000000035
1022542123500018830940000316741000000                         00000005703901000000DM 00000000000000000000 01061012181000121118                    101218000000000698000142020011012180000250000000000000000000000000000000000000000000000000000000000000000000000000006980000000000000000000000000000000000000000000000000000010000000000000          7097216100012200000000000000000000000000000000000000000036
1022542123500018830940000316741000000                         00000002771201000000DM 00000000000000000000 01091012180001140618                    100618000000000324075630940011012180000100000000000000000000000000000000000000000000000000000000000000000000000000003240000000000000000000000000000000000000000000000000000010000000000000          0004897155363400000000000000000000000000000000000000000037
1022542123500018830940000316741000000                         00000002879201000000DM 00000000000000000000 01091012180004230618                    100618000000000324075630940011012180000100000000000000000000000000000000000000000000000000000000000000000000000000003240000000000000000000000000000000000000000000000000000010000000000000          0005724833867200000000000000000000000000000000000000000038
1022542123500018830940000316741000000                         00000002991301000000DM 00000000000000000000 01091012180006790618                    100618000000000374075630940011012180000100000000000000000000000000000000000000000000000000000000000000000000000000003740000000000000000000000000000000000000000000000000000010000000000000          0003619380163400000000000000000000000000000000000000000039
1022542123500018830940000316741000000                         00000003243601000000DM 00000000000000000000 01091012180010460618                    100618000000000324075630940011012180000100000000000000000000000000000000000000000000000000000000000000000000000000003240000000000000000000000000000000000000000000000000000010000000000000          0000013014064300000000000000000000000000000000000000000040
1022542123500018830940000316741000000                         00000003339801000000DM 00000000000000000000 01091012180023970618                    100618000000000374075630940011012180000100000000000000000000000000000000000000000000000000000000000000000000000000003740000000000000000000000000000000000000000000000000000010000000000000          0007188737762000000000000000000000000000000000000000000041
1022542123500018830940000316741000000                         00000003351701000000DM 00000000000000000000 01091012180024350618                    100618000000000324075630940011012180000100000000000000000000000000000000000000000000000000000000000000000000000000003240000000000000000000000000000000000000000000000000000010000000000000          0008566563069100000000000000000000000000000000000000000042
1022542123500018830940000316741000000                         00000003566001000000DM 00000000000000000000 01091012180022820618                    100618000000000324075630940011012180000100000000000000000000000000000000000000000000000000000000000000000000000000003240000000000000000000000000000000000000000000000000000010000000000000          0007188059365300000000000000000000000000000000000000000043
1022542123500018830940000316741000000                         00000003895001000000DM 00000000000000000000 01091012180025420618                    100618000000000374075630940011012180000100000000000000000000000000000000000000000000000000000000000000000000000000003740000000000000000000000000000000000000000000000000000010000000000000          0002891803760000000000000000000000000000000000000000000044
1022542123500018830940000316741000000                         00000003919101000000DM 00000000000000000000 01091012180025960618                    100618000000000374075630940011012180000100000000000000000000000000000000000000000000000000000000000000000000000000003740000000000000000000000000000000000000000000000000000010000000000000          0009277829168700000000000000000000000000000000000000000045
1022542123500018830940000316741000000                         00000003105401000000DM 00000000000000000000 01061012180009011218                    101218000000000324010400970011012180000250000000000000000000000000000000000000000000000000000000000000000000000000003240000000000000000000000000000000000000000000000000000010000000000000          0009470166060400000000000000000000000000000000000000000046
1022542123500018830940000316741000000                         00000004452501000000DM 00000000000000000000 01091012180017950618                    100618000000000324075630940011012180000100000000000000000000000000000000000000000000000000000000000000000000000000003240000000000000000000000000000000000000000000000000000010000000000000          0000027258068600000000000000000000000000000000000000000047
1022542123500018830940000316741000000                         00000005706001000000DM 00000000000000000000 01061012181000141118                    101218000000000349075630940011012180000250000000000000000000000000000000000000000000000000000000000000000000000000003490000000000000000000000000000000000000000000000000000010000000000000          3874637600046500000000000000000000000000000000000000000048
1022542123500018830940000316741000000                         00000003817501000000DM 00000000000000000000 01061112180010141218                    201218000000000374010400970011112180000250000000000000000000000000000000000000000000000000000000000000000000000000003740000000000000000000000000000000000000000000000000000010000000000000          0005764752663400000000000000000000000000000000000000000049
1022542123500018830940000316741000000                         00000003823001000000DM 00000000000000000000 01091012180030110618                    100618000000000374075630940011012180000100000000000000000000000000000000000000000000000000000000000000000000000000003740000000000000000000000000000000000000000000000000000010000000000000          0001104048469700000000000000000000000000000000000000000050
1022542123500018830940000316741000000                         00000003530601000000DM 00000000000000000000 01091012180022630618                    100618000000000324075630940011012180000100000000000000000000000000000000000000000000000000000000000000000000000000003240000000000000000000000000000000000000000000000000000010000000000000          0002485828563400000000000000000000000000000000000000000051
1022542123500018830940000316741000000                         00000005701401000000DM 00000000000000000000 01061012181000071118                    101218000000001817000142020011012180000250000000000000000000000000000000000000000000000000000000000000000000000000018170000000000000000000000000000000000000000000000000000010000000000000          7097303700069600000000000000000000000000000000000000000052
1022542123500018830940000316741000000                         00000005704601000000DM 00000000000000000000 01061012181000151118                    101218000000000349000142020011012180000250000000000000000000000000000000000000000000000000000000000000000000000000003490000000000000000000000000000000000000000000000000000010000000000000          7097303700093900000000000000000000000000000000000000000053
1022542123500018830940000316741000000                         00000005707801000000DM 00000000000000000000 01061012181000211118                    101218000000000526510400970011012180000250000000000000000000000000000000000000000000000000000000000000000000000000005265000000000000000000000000000000000000000000000000000010000000000000          6522717500018100000000000000000000000000000000000000000054
1022542123500018830940000316741000000                         00000002819001000000DM 00000000000000000000 01091012180003300618                    100618000000000324075630940011012180000100000000000000000000000000000000000000000000000000000000000000000000000000003240000000000000000000000000000000000000000000000000000010000000000000          0000916024261200000000000000000000000000000000000000000055
1022542123500018830940000316741000000                         00000003117201000000DM 00000000000000000000 01061012180005351218                    101218000000000324010400970011012180000250000000000000000000000000000000000000000000000000000000000000000000000000003240000000000000000000000000000000000000000000000000000010000000000000          0000659773163800000000000000000000000000000000000000000056
1022542123500018830940000316741000000                         00000003620401000000DM 00000000000000000000 01061012180028151218                    101218000000000374010400970011012180000250000000000000000000000000000000000000000000000000000000000000000000000000003740000000000000000000000000000000000000000000000000000010000000000000          0001026372666500000000000000000000000000000000000000000057
1022542123500018830940000316741000000                         00000003626801000000DM 00000000000000000000 01091012180027570618                    100618000000000374075630940011012180000100000000000000000000000000000000000000000000000000000000000000000000000000003740000000000000000000000000000000000000000000000000000010000000000000          0000699499364700000000000000000000000000000000000000000058
1022542123500018830940000316741000000                         00000003907301000000DM 00000000000000000000 01091012180025530618                    100618000000000374075630940011012180000100000000000000000000000000000000000000000000000000000000000000000000000000003740000000000000000000000000000000000000000000000000000010000000000000          0000588234869200000000000000000000000000000000000000000059
1022542123500018830940000316741000000                         00000004141901000000DM 00000000000000000000 01061012180027501218                    101218000000000374010400970011012180000250000000000000000000000000000000000000000000000000000000000000000000000000003740000000000000000000000000000000000000000000000000000010000000000000          0000282899960200000000000000000000000000000000000000000060
1022542123500018830940000316741000000                         00000003201701000000DM 00000000000000000000 01061012180009531218                    101218000000000324003334670011012180000250000000000000000000000000000000000000000000000000000000000000000000000000003240000000000000000000000000000000000000000000000000000010000000000000          0004361846464900000000000000000000000000000000000000000061
1022542123500018830940000316741000000                         00000003237101000000DM 00000000000000000000 01060712180010211218                    101218000000000324010400970010712180000250000000000000000000000000000000000000000000000000000000000000000000000000003240000000000000000000000000000000000000000000000000000010000000000000          0007187518269100000000000000000000000000000000000000000062
1022542123500018830940000316741000000                         00000003309701000000DM 00000000000000000000 01061012180012341218                    101218000000000324075630940011012180000250000000000000000000000000000000000000000000000000000000000000000000000000003240000000000000000000000000000000000000000000000000000010000000000000          0008461066260400000000000000000000000000000000000000000063
1022542123500018830940000316741000000                         00000003554201000000DM 00000000000000000000 01091012180022690618                    100618000000000374075630940011012180000100000000000000000000000000000000000000000000000000000000000000000000000000003740000000000000000000000000000000000000000000000000000010000000000000          0006307307269100000000000000000000000000000000000000000064
1022542123500018830940000316741000000                         00000003578901000000DM 00000000000000000000 01091012180023040618                    100618000000000374075630940011012180000100000000000000000000000000000000000000000000000000000000000000000000000000003740000000000000000000000000000000000000000000000000000010000000000000          0004225353567200000000000000000000000000000000000000000065
1022542123500018830940000316741000000                         00000003991201000000DM 00000000000000000000 01091012180026750618                    100618000000000374075630940011012180000100000000000000000000000000000000000000000000000000000000000000000000000000003740000000000000000000000000000000000000000000000000000010000000000000          0001130201368800000000000000000000000000000000000000000066
1022542123500018830940000316741000000                         00000004039101000000DM 00000000000000000000 01091012180014420618                    100618000000000324075630940011012180000100000000000000000000000000000000000000000000000000000000000000000000000000003240000000000000000000000000000000000000000000000000000010000000000000          0000534757766500000000000000000000000000000000000000000067
1022542123500018830940000316741000000                         00000003135501000000DM 00000000000000000000 01091012180005450618                    100618000000000324075630940011012180000100000000000000000000000000000000000000000000000000000000000000000000000000003240000000000000000000000000000000000000000000000000000010000000000000          0003013578866800000000000000000000000000000000000000000068
1022542123500018830940000316741000000                         00000004558001000000DM 00000000000000000000 01091012180016380618                    100618000000000324075630940011012180000100000000000000000000000000000000000000000000000000000000000000000000000000003240000000000000000000000000000000000000000000000000000010000000000000          0004897108160000000000000000000000000000000000000000000069
1022542123500018830940000316741000000                         00000002765801000000DM 00000000000000000000 01060712180000411218                    101218000000000324010400970010712180000250000000000000000000000000000000000000000000000000000000000000000000000000003240000000000000000000000000000000000000000000000000000010000000000000          0000565324365500000000000000000000000000000000000000000070
1022542123500018830940000316741000000                         00000004116401000000DM 00000000000000000000 01061012180015231118                    101118000000000324010400970011012180000250000000000000000000000000000000000000000000000000000000000000000000000000003276000000000003600000000000000000000000000000000000000010000000000000          0003225778362000000000000000000000000000000000000000000071
1022542123500018830940000316741000000                         00000003943901000000DM 00000000000000000000 01091012180026060618                    100618000000000374075630940011012180000100000000000000000000000000000000000000000000000000000000000000000000000000003740000000000000000000000000000000000000000000000000000010000000000000          0004341197568700000000000000000000000000000000000000000072
1022542123500018830940000316741000000                         00000004279001000000DM 00000000000000000000 01091012180030620618                    100618000000000374075630940011012180000100000000000000000000000000000000000000000000000000000000000000000000000000003740000000000000000000000000000000000000000000000000000010000000000000          0001347627260500000000000000000000000000000000000000000073
1022542123500018830940000316741000000                         00000002967601000000DM 00000000000000000000 01091012180004350618                    100618000000000324075630940011012180000100000000000000000000000000000000000000000000000000000000000000000000000000003240000000000000000000000000000000000000000000000000000010000000000000          0001514063611500000000000000000000000000000000000000000074
1022542123500018830940000316741000000                         00000003477001000000DM 00000000000000000000 01060712180016361218                    101218000000000374010400970010712180000250000000000000000000000000000000000000000000000000000000000000000000000000003740000000000000000000000000000000000000000000000000000010000000000000          0004340692069100000000000000000000000000000000000000000075
1022542123500018830940000316741000000                         00000003483401000000DM 00000000000000000000 01091012180017120618                    100618000000000324075630940011012180000100000000000000000000000000000000000000000000000000000000000000000000000000003240000000000000000000000000000000000000000000000000000010000000000000          0006761282268700000000000000000000000000000000000000000076
1022542123500018830940000316741000000                         00000004387001000000DM 00000000000000000000 01091012180030440618                    100618000000000374075630940011012180000100000000000000000000000000000000000000000000000000000000000000000000000000003740000000000000000000000000000000000000000000000000000010000000000000          0000119164868000000000000000000000000000000000000000000077
1022542123500018830940000316741000000                         00000004477901000000DM 00000000000000000000 01091012180030660618                    100618000000000324075630940011012180000100000000000000000000000000000000000000000000000000000000000000000000000000003240000000000000000000000000000000000000000000000000000010000000000000          0000927428865400000000000000000000000000000000000000000078
1022542123500018830940000316741000000                         00000005702101000000DM 00000000000000000000 01061012181000101118                    101218000000001743000142020011012180000250000000000000000000000000000000000000000000000000000000000000000000000000017430000000000000000000000000000000000000000000000000000010000000000000          7097303700034300000000000000000000000000000000000000000079
1022542123500018830940000316741000000                         00000004147201000000DM 00000000000000000000 01091012180025310618                    100618000000000374075630940011012180000100000000000000000000000000000000000000000000000000000000000000000000000000003740000000000000000000000000000000000000000000000000000010000000000000          0000797618260900000000000000000000000000000000000000000080
1022542123500018830940000316741000000                         00000004183801000000DM 00000000000000000000 01091012180026730618                    100618000000000374075630940011012180000100000000000000000000000000000000000000000000000000000000000000000000000000003740000000000000000000000000000000000000000000000000000010000000000000          0000945536569300000000000000000000000000000000000000000081
1022542123500018830940000316741000000                         00000004219801000000DM 00000000000000000000 01091012180004910618                    100618000000000324075630940011012180000100000000000000000000000000000000000000000000000000000000000000000000000000003240000000000000000000000000000000000000000000000000000010000000000000          0002624052160400000000000000000000000000000000000000000082
1022542123500018830940000316741000000                         00000003644001000000DM 00000000000000000000 01061012180028161218                    101218000000000374010400970011012180000250000000000000000000000000000000000000000000000000000000000000000000000000003740000000000000000000000000000000000000000000000000000010000000000000          0008257197068200000000000000000000000000000000000000000083
1022542123500018830940000316741000000                         00000003710201000000DM 00000000000000000000 01091012180029160618                    100618000000000374075630940011012180000100000000000000000000000000000000000000000000000000000000000000000000000000003740000000000000000000000000000000000000000000000000000010000000000000          0001248442318700000000000000000000000000000000000000000084
1022542123500018830940000316741000000                         00000003734901000000DM 00000000000000000000 01091012180029630618                    100618000000000374075630940011012180000100000000000000000000000000000000000000000000000000000000000000000000000000003740000000000000000000000000000000000000000000000000000010000000000000          0000559499965500000000000000000000000000000000000000000085
1022542123500018830940000316741000000                         00000003165601000000DM 00000000000000000000 01060712180006481218                    101218000000000374010400970010712180000250000000000000000000000000000000000000000000000000000000000000000000000000003740000000000000000000000000000000000000000000000000000010000000000000          0001612677762000000000000000000000000000000000000000000086
1022542123500018830940000316741000000                         00000003219901000000DM 00000000000000000000 01091012180010200618                    100618000000000374075630940011012180000100000000000000000000000000000000000000000000000000000000000000000000000000003740000000000000000000000000000000000000000000000000000010000000000000          0003616071763400000000000000000000000000000000000000000087
1022542123500018830940000316741000000                         00000003279001000000DM 00000000000000000000 01091012180012200618                    100618000000000324075630940011012180000100000000000000000000000000000000000000000000000000000000000000000000000000003240000000000000000000000000000000000000000000000000000010000000000000          0005183755876000000000000000000000000000000000000000000088
1022542123500018830940000316741000000                         00000002813701000000DM 00000000000000000000 01061012180002561218                    101218000000000324010400970011012180000250000000000000000000000000000000000000000000000000000000000000000000000000003240000000000000000000000000000000000000000000000000000010000000000000          0000474784860600000000000000000000000000000000000000000089
1022542123500018830940000316741000000                         00000002849101000000DM 00000000000000000000 01061012180004111218                    101218000000000374010400970011012180000250000000000000000000000000000000000000000000000000000000000000000000000000003740000000000000000000000000000000000000000000000000000010000000000000          0007246051260000000000000000000000000000000000000000000090
1022542123500018830940000316741000000                         00000002861001000000DM 00000000000000000000 01061012180004141218                    101218000000000374003334670011012180000250000000000000000000000000000000000000000000000000000000000000000000000000003740000000000000000000000000000000000000000000000000000010000000000000          0000303613564200000000000000000000000000000000000000000091
1022542123500018830940000316741000000                         00000004231701000000DM 00000000000000000000 01091012180030460618                    100618000000000374075630940011012180000100000000000000000000000000000000000000000000000000000000000000000000000000003740000000000000000000000000000000000000000000000000000010000000000000          0000149822561600000000000000000000000000000000000000000092
1022542123500018830940000316741000000                         00000005705301000000DM 00000000000000000000 01061012181000111118                    101218000000002682575630940011012180000250000000000000000000000000000000000000000000000000000000000000000000000000026825000000000000000000000000000000000000000000000000000010000000000000          3874637600038400000000000000000000000000000000000000000093
9027563094SICOOB CREDIARA          RUA MARIA RITA DE AGUIAR                          CENTRO                        38183236ARAXÁ                         MG171220180000009200000000113                                                                                                                                                                                                                    000094
