02RETORNO01COBRANÇA       30940000327964316741J REZENDE                     756 - BANCOOB S/A 1712180000275                                                                                                                                                                                                                                                                                               000001
1022542123500018830940000316741000000                         00000003746701000000DM 00000000000000000000 01091312180029680618                    150618000000000374075630940011312180000100000000000000000000000000000000000000000000000000000000000000000000000000003740000000000000000000000000000000000000000000000000000010000000000000          0000270724966100000000000000000000000000000000000000000002
1022542123500018830940000316741000000                         00000003327001000000DM 00000000000000000000 01091312180013890618                    150618000000000324075630940011312180000100000000000000000000000000000000000000000000000000000000000000000000000000003240000000000000000000000000000000000000000000000000000010000000000000          0000690262868800000000000000000000000000000000000000000003
9027563094SICOOB CREDIARA          RUA MARIA RITA DE AGUIAR                          CENTRO                        38183236ARAXÁ                         MG171220180000000200000000113                                                                                                                                                                                                                    000004
