02RETORNO01COBRANÇA       30940000327964316741J REZENDE                     756 - BANCOOB S/A 1712180000271                                                                                                                                                                                                                                                                                               000001
1022542123500018830940000316741000000                         00000003596101000000DM 00000000000000000000 01060312180023391218                    101218000000000374010400970010312180000250000000000000000000000000000000000000000000000000000000000000000000000000003740000000000000000000000000000000000000000000000000000010000000000000          0003615945069700000000000000000000000000000000000000000002
1022542123500018830940000316741000000                         00000004009001000000DM 00000000000000000000 01060512180026861218                    101218000000000374010400970010512180000250000000000000000000000000000000000000000000000000000000000000000000000000003740000000000000000000000000000000000000000000000000000010000000000000          0003407094060000000000000000000000000000000000000000000003
1022542123500018830940000316741000000                         00000003321601000000DM 00000000000000000000 01060312180013271218                    101218000000000324010400970010312180000250000000000000000000000000000000000000000000000000000000000000000000000000003240000000000000000000000000000000000000000000000000000010000000000000          0005974586069700000000000000000000000000000000000000000004
1022542123500018830940000316741000000                         00000004505001000000DM 00000000000000000000 01060512180030681218                    101218000000000374010400970010512180000250000000000000000000000000000000000000000000000000000000000000000000000000003740000000000000000000000000000000000000000000000000000010000000000000          0000377887650300000000000000000000000000000000000000000005
1022542123500018830940000316741000000                         00000003668701000000DM 00000000000000000000 01060512180028821218                    101218000000000374010400970010512180000250000000000000000000000000000000000000000000000000000000000000000000000000003740000000000000000000000000000000000000000000000000000010000000000000          0002486093060600000000000000000000000000000000000000000006
1022542123500018830940000316741000000                         00000003985801000000DM 00000000000000000000 01060512180026741218                    101218000000000374010400970010512180000250000000000000000000000000000000000000000000000000000000000000000000000000003740000000000000000000000000000000000000000000000000000010000000000000          0000954360460600000000000000000000000000000000000000000007
1022542123500018830940000316741000000                         00000003877701000000DM 00000000000000000000 01060512180025271218                    101218000000000374010400970010512180000250000000000000000000000000000000000000000000000000000000000000000000000000003740000000000000000000000000000000000000000000000000000010000000000000          0000677178867900000000000000000000000000000000000000000008
1022542123500018830940000316741000000                         00000003405001000000DM 00000000000000000000 01060512180017831218                    101218000000000324075630940010512180000250000000000000000000000000000000000000000000000000000000000000000000000000003240000000000000000000000000000000000000000000000000000010000000000000          0007674540669100000000000000000000000000000000000000000009
1022542123500018830940000316741000000                         00000003465101000000DM 00000000000000000000 01060412180015981218                    101218000000000324010400970010412180000250000000000000000000000000000000000000000000000000000000000000000000000000003240000000000000000000000000000000000000000000000000000010000000000000          0007886934067800000000000000000000000000000000000000000010
1022542123500018830940000316741000000                         00000003656901000000DM 00000000000000000000 01060512180028811218                    101218000000000374010400970010512180000250000000000000000000000000000000000000000000000000000000000000000000000000003740000000000000000000000000000000000000000000000000000010000000000000          0002729612165300000000000000000000000000000000000000000011
1022542123500018830940000316741000000                         00000002897501000000DM 00000000000000000000 01060512180004371218                    101218000000000324010400970010512180000250000000000000000000000000000000000000000000000000000000000000000000000000003240000000000000000000000000000000000000000000000000000010000000000000          0001313854565300000000000000000000000000000000000000000012
1022542123500018830940000316741000000                         00000002973001000000DM 00000000000000000000 01060312180004351218                    101218000000000324034109440010312180000250000000000000000000000000000000000000000000000000000000000000000000000000003240000000000000000000000000000000000000000000000000000010000000000000          0001514063611500000000000000000000000000000000000000000013
1022542123500018830940000316741000000                         00000004069201000000DM 00000000000000000000 01060412180014481218                    101218000000000324010400970010412180000250000000000000000000000000000000000000000000000000000000000000000000000000003240000000000000000000000000000000000000000000000000000010000000000000          0005227926069700000000000000000000000000000000000000000014
1022542123500018830940000316741000000                         00000004081101000000DM 00000000000000000000 01060412180014581218                    101218000000000324010400970010412180000250000000000000000000000000000000000000000000000000000000000000000000000000003240000000000000000000000000000000000000000000000000000010000000000000          0002361630010000000000000000000000000000000000000000000015
1022542123500018830940000316741000000                         00000003889501000000DM 00000000000000000000 01060512180025191218                    101218000000000374010407080010512180000250000000000000000000000000000000000000000000000000000000000000000000000000003740000000000000000000000000000000000000000000000000000010000000000000          0008540006863400000000000000000000000000000000000000000016
9027563094SICOOB CREDIARA          RUA MARIA RITA DE AGUIAR                          CENTRO                        38183236ARAXÁ                         MG171220180000001500000000113                                                                                                                                                                                                                    000017
