02RETORNO01COBRANÇA       30940000327964316741J REZENDE                     756 - BANCOOB S/A 2005200000407                                                                                                                                                                                                                                                                                               000001
1022542123500018830940000316741000000                         00000006588001000000DM 00000000000000000000 01061405200023040520                    100520000000000400010400970011405200000250000000000000000000000000000000000000000000000000000000000000000000000000004004000000000000400000000000000000000000000000000000000010000000000000          0004225353567200000000000000000000000000000000000000000002
1022542123500018830940000316741000000                         00000005399801000000DM 00000000000000000000 01091905200024541119                    201119000000000374075630940011905200000100000000000000000000000000000000000000000000000000000000000000000000000000003740000000000000000000000000000000000000000000000000000010000000000000          0000847276465600000000000000000000000000000000000000000003
9027563094SICOOB CREDIARA          R D BOSCO                                         Centro                        38183228Araxá                         MG200520200000000200000000113                                                                                                                                                                                                                    000004
