02RETORNO01COBRANÇA       30940000327964316741J REZENDE                     756 - BANCOOB S/A 1405200000403                                                                                                                                                                                                                                                                                               000001
1022542123500018830940000316741000000                         00000006300901000000DM 00000000000000000000 01102904200004140420                    100420000000000400075630940012904200000100000000000000000000000000000000000000000000000000000000000000000000000000004000000000000000000000000000000000000000000000000000000010000000000000          0000303613564200000000000000000000000000000000000000000002
1022542123500018830940000316741000000                         00000006408901000000DM 00000000000000000000 01062704200027000420                    100420000000000400010400970012704200000250000000000000000000000000000000000000000000000000000000000000000000000000004004000000000000400000000000000000000000000000000000000010000000000000          0000487456467400000000000000000000000000000000000000000003
1022542123500018830940000316741000000                         00000006552501000000DM 00000000000000000000 01063004200011610520                    100520000000000360010400970013004200000250000000000000000000000000000000000000000000000000000000000000000000000000003600000000000000000000000000000000000000000000000000000010000000000000          0004342743060000000000000000000000000000000000000000000004
9027563094SICOOB CREDIARA          R D BOSCO                                         Centro                        38183228Araxá                         MG140520200000000300000000113                                                                                                                                                                                                                    000005
