02RETORNO01COBRANÇA       30940000327964316741J REZENDE                     756 - BANCOOB S/A 1405200000406                                                                                                                                                                                                                                                                                               000001
1022542123500018830940000316741000000                         00000006313401000000DM 00000000000000000000 01061305200004270520                    100520000000000360010400970011305200000250000000000000000000000000000000000000000000000000000000000000000000000000003603000000000000300000000000000000000000000000000000000010000000000000          0000329979965700000000000000000000000000000000000000000002
1022542123500018830940000316741000000                         00000006085901000000DM 00000000000000000000 01061205200011030520                    100520000000000360010400970011205200000250000000000000000000000000000000000000000000000000000000000000000000000000003603000000000000300000000000000000000000000000000000000010000000000000          0008715135969100000000000000000000000000000000000000000003
9027563094SICOOB CREDIARA          R D BOSCO                                         Centro                        38183228Araxá                         MG140520200000000200000000113                                                                                                                                                                                                                    000004
