02RETORNO01COBRANÇA       30940000327964316741J REZENDE                     756 - BANCOOB S/A 1405200000405                                                                                                                                                                                                                                                                                               000001
1022542123500018830940000316741000000                         00000005315001000000DM 00000000000000000000 01091105200022661119                    101119000000000374075630940011105200000100000000000000000000000000000000000000000000000000000000000000000000000000003740000000000000000000000000000000000000000000000000000010000000000000          0004170441060600000000000000000000000000000000000000000002
1022542123500018830940000316741000000                         00000005423001000000DM 00000000000000000000 01091105200025191119                    101119000000000374075630940011105200000100000000000000000000000000000000000000000000000000000000000000000000000000003740000000000000000000000000000000000000000000000000000010000000000000          0008540006863400000000000000000000000000000000000000000003
1022542123500018830940000316741000000                         00000005447701000000DM 00000000000000000000 01091105200025961119                    101119000000000374075630940011105200000100000000000000000000000000000000000000000000000000000000000000000000000000003740000000000000000000000000000000000000000000000000000010000000000000          0009277829168700000000000000000000000000000000000000000004
1022542123500018830940000316741000000                         00000005929301000000DM 00000000000000000000 01061105200014950520                    100520000000000360010400970011105200000250000000000000000000000000000000000000000000000000000000000000000000000000003600000000000000000000000000000000000000000000000000000010000000000000          0000136752462800000000000000000000000000000000000000000005
1022542123500018830940000316741000000                         00000006025701000000DM 00000000000000000000 01060805200013270520                    100520000000000360010400970010805200000250000000000000000000000000000000000000000000000000000000000000000000000000003600000000000000000000000000000000000000000000000000000010000000000000          0005974586069700000000000000000000000000000000000000000006
1022542123500018830940000316741000000                         00000006097701000000DM 00000000000000000000 01060605200016360520                    100520000000000400010400970010605200000250000000000000000000000000000000000000000000000000000000000000000000000000004000000000000000000000000000000000000000000000000000000010000000000000          0004340692069100000000000000000000000000000000000000000007
1022542123500018830940000316741000000                         00000006648701000000DM 00000000000000000000 01061105200004220520                    100520000000000360010400970011105200000250000000000000000000000000000000000000000000000000000000000000000000000000003600000000000000000000000000000000000000000000000000000010000000000000          0007415855469100000000000000000000000000000000000000000008
1022542123500018830940000316741000000                         00000006780501000000DM 00000000000000000000 01061105201000070420                    100520000000000380000142020011105200000250000000000000000000000000000000000000000000000000000000000000000000000000003800000000000000000000000000000000000000000000000000000010000000000000          7097303700069600000000000000000000000000000000000000000009
1022542123500018830940000316741000000                         00000006783701000000DM 00000000000000000000 01061105201000150420                    100520000000000380000142020011105200000250000000000000000000000000000000000000000000000000000000000000000000000000003800000000000000000000000000000000000000000000000000000010000000000000          7097303700093900000000000000000000000000000000000000000010
1022542123500018830940000316741000000                         00000006786901000000DM 00000000000000000000 01061105201000250420                    100520000000039420010400970011105200000250000000000000000000000000000000000000000000000000000000000000000000000000394200000000000000000000000000000000000000000000000000000010000000000000          2604122800011300000000000000000000000000000000000000000011
1022542123500018830940000316741000000                         00000004714001000000DM 00000000000000000000 01091105200002561119                    101119000000000324075630940011105200000100000000000000000000000000000000000000000000000000000000000000000000000000003240000000000000000000000000000000000000000000000000000010000000000000          0000474784860600000000000000000000000000000000000000000012
1022542123500018830940000316741000000                         00000004786001000000DM 00000000000000000000 01091105200004351119                    101119000000000324075630940011105200000100000000000000000000000000000000000000000000000000000000000000000000000000003240000000000000000000000000000000000000000000000000000010000000000000          0001514063611500000000000000000000000000000000000000000013
1022542123500018830940000316741000000                         00000004858601000000DM 00000000000000000000 01091105200005451119                    101119000000000324075630940011105200000100000000000000000000000000000000000000000000000000000000000000000000000000003240000000000000000000000000000000000000000000000000000010000000000000          0003013578866800000000000000000000000000000000000000000014
1022542123500018830940000316741000000                         00000004906501000000DM 00000000000000000000 01091105200007011119                    101119000000000324075630940011105200000100000000000000000000000000000000000000000000000000000000000000000000000000003240000000000000000000000000000000000000000000000000000010000000000000          0006529267760400000000000000000000000000000000000000000015
1022542123500018830940000316741000000                         00000005483201000000DM 00000000000000000000 01091105200026731119                    101119000000000374075630940011105200000100000000000000000000000000000000000000000000000000000000000000000000000000003740000000000000000000000000000000000000000000000000000010000000000000          0000945536569300000000000000000000000000000000000000000016
1022542123500018830940000316741000000                         00000005519201000000DM 00000000000000000000 01091105200027001119                    101119000000000374075630940011105200000100000000000000000000000000000000000000000000000000000000000000000000000000003740000000000000000000000000000000000000000000000000000010000000000000          0000487456467400000000000000000000000000000000000000000017
1022542123500018830940000316741000000                         00000005543001000000DM 00000000000000000000 01091105200027501119                    101119000000000374075630940011105200000100000000000000000000000000000000000000000000000000000000000000000000000000003740000000000000000000000000000000000000000000000000000010000000000000          0000282899960200000000000000000000000000000000000000000018
1022542123500018830940000316741000000                         00000005603701000000DM 00000000000000000000 01091105200028971119                    101119000000000374075630940011105200000100000000000000000000000000000000000000000000000000000000000000000000000000003740000000000000000000000000000000000000000000000000000010000000000000          0005968516666800000000000000000000000000000000000000000019
1022542123500018830940000316741000000                         00000005207901000000DM 00000000000000000000 01091105200015231119                    101119000000000324075630940011105200000100000000000000000000000000000000000000000000000000000000000000000000000000003240000000000000000000000000000000000000000000000000000010000000000000          0003225778362000000000000000000000000000000000000000000020
1022542123500018830940000316741000000                         00000005895801000000DM 00000000000000000000 01091105201000181019                    111119000000004672075630940011105200000100000000000000000000000000000000000000000000000000000000000000000000000000046720000000000000000000000000000000000000000000000000000010000000000000          1823706600016500000000000000000000000000000000000000000021
1022542123500018830940000316741000000                         00000006049301000000DM 00000000000000000000 01061105200024530520                    100520000000000400010400970011105200000250000000000000000000000000000000000000000000000000000000000000000000000000004000000000000000000000000000000000000000000000000000000010000000000000          0003607094764900000000000000000000000000000000000000000022
1022542123500018830940000316741000000                         00000006061201000000DM 00000000000000000000 01060605200005190520                    100520000000000360010400970010605200000250000000000000000000000000000000000000000000000000000000000000000000000000003600000000000000000000000000000000000000000000000000000010000000000000          0007188477760000000000000000000000000000000000000000000023
1022542123500018830940000316741000000                         00000006121001000000DM 00000000000000000000 01060805200029010520                    100520000000000400010400970010805200000250000000000000000000000000000000000000000000000000000000000000000000000000004000000000000000000000000000000000000000000000000000000010000000000000          0002483652468700000000000000000000000000000000000000000024
1022542123500018830940000316741000000                         00000006169201000000DM 00000000000000000000 01061105200006480520                    100520000000000400010400970011105200000250000000000000000000000000000000000000000000000000000000000000000000000000004000000000000000000000000000000000000000000000000000000010000000000000          0001612677762000000000000000000000000000000000000000000025
1022542123500018830940000316741000000                         00000006253701000000DM 00000000000000000000 01061105200028150520                    100520000000000400010400970011105200000250000000000000000000000000000000000000000000000000000000000000000000000000004000000000000000000000000000000000000000000000000000000010000000000000          0001026372666500000000000000000000000000000000000000000026
1022542123500018830940000316741000000                         00000005687501000000DM 00000000000000000000 01091105200030331119                    101119000000000374075630940011105200000100000000000000000000000000000000000000000000000000000000000000000000000000003740000000000000000000000000000000000000000000000000000010000000000000          0008285259668700000000000000000000000000000000000000000027
1022542123500018830940000316741000000                         00000006265501000000DM 00000000000000000000 01061105200030140520                    100520000000000400010400970011105200000250000000000000000000000000000000000000000000000000000000000000000000000000004000000000000000000000000000000000000000000000000000000010000000000000          0000506908968400000000000000000000000000000000000000000028
1022542123500018830940000316741000000                         00000005098501000000DM 00000000000000000000 01091105200012341119                    101119000000000324075630940011105200000100000000000000000000000000000000000000000000000000000000000000000000000000003240000000000000000000000000000000000000000000000000000010000000000000          0008461066260400000000000000000000000000000000000000000029
1022542123500018830940000316741000000                         00000005146401000000DM 00000000000000000000 01091105200014481119                    101119000000000324075630940011105200000100000000000000000000000000000000000000000000000000000000000000000000000000003240000000000000000000000000000000000000000000000000000010000000000000          0005227926069700000000000000000000000000000000000000000030
1022542123500018830940000316741000000                         00000005411201000000DM 00000000000000000000 01091105200024731119                    101119000000000374075630940011105200000100000000000000000000000000000000000000000000000000000000000000000000000000003740000000000000000000000000000000000000000000000000000010000000000000          0001603579869100000000000000000000000000000000000000000031
1022542123500018830940000316741000000                         00000006397201000000DM 00000000000000000000 01061105200030690520                    100520000000000400075630940011105200000250000000000000000000000000000000000000000000000000000000000000000000000000004000000000000000000000000000000000000000000000000000000010000000000000          0006037461660400000000000000000000000000000000000000000032
1022542123500018830940000316741000000                         00000006782001000000DM 00000000000000000000 01061105201000120420                    100520000000000380000102100011105200000250000000000000000000000000000000000000000000000000000000000000000000000000003800000000000000000000000000000000000000000000000000000010000000000000          7097216100012200000000000000000000000000000000000000000033
1022542123500018830940000316741000000                         00000005134601000000DM 00000000000000000000 01091105200014431119                    101119000000000324075630940011105200000100000000000000000000000000000000000000000000000000000000000000000000000000003240000000000000000000000000000000000000000000000000000010000000000000          0000696140365400000000000000000000000000000000000000000034
1022542123500018830940000316741000000                         00000005267001000000DM 00000000000000000000 01091105200017341119                    101119000000000324075630940011105200000100000000000000000000000000000000000000000000000000000000000000000000000000003240000000000000000000000000000000000000000000000000000010000000000000          0006300667766800000000000000000000000000000000000000000035
1022542123500018830940000316741000000                         00000005339601000000DM 00000000000000000000 01091105200022821119                    101119000000000324075630940011105200000100000000000000000000000000000000000000000000000000000000000000000000000000003240000000000000000000000000000000000000000000000000000010000000000000          0007188059365300000000000000000000000000000000000000000036
1022542123500018830940000316741000000                         00000006785101000000DM 00000000000000000000 01060805201000250420                    100520000000000726010400970010805200000250000000000000000000000000000000000000000000000000000000000000000000000000007260000000000000000000000000000000000000000000000000000010000000000000          2604146700017300000000000000000000000000000000000000000037
1022542123500018830940000316741000000                         00000006788301000000DM 00000000000000000000 01061105201000280520                    100520000000001036075640790011105200000250000000000000000000000000000000000000000000000000000000000000000000000000010360000000000000000000000000000000000000000000000000000010000000000000          0581273600018800000000000000000000000000000000000000000038
1022542123500018830940000316741000000                         00000005074901000000DM 00000000000000000000 01091105200011061119                    101119000000000324075630940011105200000100000000000000000000000000000000000000000000000000000000000000000000000000003240000000000000000000000000000000000000000000000000000010000000000000          0000306014564400000000000000000000000000000000000000000039
1022542123500018830940000316741000000                         00000005279901000000DM 00000000000000000000 01091105200017751119                    101119000000000324075630940011105200000100000000000000000000000000000000000000000000000000000000000000000000000000003240000000000000000000000000000000000000000000000000000010000000000000          0002729843469100000000000000000000000000000000000000000040
1022542123500018830940000316741000000                         00000005291801000000DM 00000000000000000000 01091105200017831119                    101119000000000324075630940011105200000100000000000000000000000000000000000000000000000000000000000000000000000000003240000000000000000000000000000000000000000000000000000010000000000000          0007674540669100000000000000000000000000000000000000000041
1022542123500018830940000316741000000                         00000005743301000000DM 00000000000000000000 01091105200029221119                    101119000000000374075630940011105200000100000000000000000000000000000000000000000000000000000000000000000000000000003740000000000000000000000000000000000000000000000000000010000000000000          0005554795862000000000000000000000000000000000000000000042
1022542123500018830940000316741000000                         00000006289101000000DM 00000000000000000000 01060605200000410520                    100520000000000360010400970010605200000250000000000000000000000000000000000000000000000000000000000000000000000000003600000000000000000000000000000000000000000000000000000010000000000000          0000565324365500000000000000000000000000000000000000000043
1022542123500018830940000316741000000                         00000006301601000000DM 00000000000000000000 01060805200004140520                    100520000000000400003334670010805200000250000000000000000000000000000000000000000000000000000000000000000000000000004000000000000000000000000000000000000000000000000000000010000000000000          0000303613564200000000000000000000000000000000000000000044
1022542123500018830940000316741000000                         00000006337001000000DM 00000000000000000000 01060805200010920520                    100520000000000360010400970010805200000250000000000000000000000000000000000000000000000000000000000000000000000000003600000000000000000000000000000000000000000000000000000010000000000000          0007570230469100000000000000000000000000000000000000000045
1022542123500018830940000316741000000                         00000006193001000000DM 00000000000000000000 01061105200009010520                    100520000000000360010400970011105200000250000000000000000000000000000000000000000000000000000000000000000000000000003600000000000000000000000000000000000000000000000000000010000000000000          0009470166060400000000000000000000000000000000000000000046
1022542123500018830940000316741000000                         00000006217101000000DM 00000000000000000000 01060605200010200520                    100520000000000400010400970010605200000250000000000000000000000000000000000000000000000000000000000000000000000000004000000000000000000000000000000000000000000000000000000010000000000000          0003616071763400000000000000000000000000000000000000000047
1022542123500018830940000316741000000                         00000006421501000000DM 00000000000000000000 01061105200004160520                    100520000000000360034109440011105200000250000000000000000000000000000000000000000000000000000000000000000000000000003600000000000000000000000000000000000000000000000000000010000000000000          0009147587261500000000000000000000000000000000000000000048
1022542123500018830940000316741000000                         00000004894101000000DM 00000000000000000000 01091105200006511119                    101119000000000324075630940011105200000100000000000000000000000000000000000000000000000000000000000000000000000000003240000000000000000000000000000000000000000000000000000010000000000000          0006345744697000000000000000000000000000000000000000000049
1022542123500018830940000316741000000                         00000005026501000000DM 00000000000000000000 01091105200010461119                    101119000000000324075630940011105200000100000000000000000000000000000000000000000000000000000000000000000000000000003240000000000000000000000000000000000000000000000000000010000000000000          0000013014064300000000000000000000000000000000000000000050
1022542123500018830940000316741000000                         00000005699301000000DM 00000000000000000000 01091105200030681119                    101119000000000374075630940011105200000100000000000000000000000000000000000000000000000000000000000000000000000000003740000000000000000000000000000000000000000000000000000010000000000000          0000377887650300000000000000000000000000000000000000000051
1022542123500018830940000316741000000                         00000005719601000000DM 00000000000000000000 01091105200030701119                    101119000000000374075630940011105200000100000000000000000000000000000000000000000000000000000000000000000000000000003740000000000000000000000000000000000000000000000000000010000000000000          0001212798465000000000000000000000000000000000000000000052
1022542123500018830940000316741000000                         00000006349901000000DM 00000000000000000000 01061105200014700520                    100520000000000360010400970011105200000250000000000000000000000000000000000000000000000000000000000000000000000000003600000000000000000000000000000000000000000000000000000010000000000000          0008318973461500000000000000000000000000000000000000000053
1022542123500018830940000316741000000                         00000006682801000000DM 00000000000000000000 01060805200008470520                    100520000000000400010400970010805200000250000000000000000000000000000000000000000000000000000000000000000000000000004000000000000000000000000000000000000000000000000000000010000000000000          0000150671660100000000000000000000000000000000000000000054
1022542123500018830940000316741000000                         00000004726901000000DM 00000000000000000000 01091105200004111119                    101119000000000374075630940011105200000100000000000000000000000000000000000000000000000000000000000000000000000000003740000000000000000000000000000000000000000000000000000010000000000000          0007246051260000000000000000000000000000000000000000000055
1022542123500018830940000316741000000                         00000005507401000000DM 00000000000000000000 01091105200026861119                    101119000000000374075630940011105200000100000000000000000000000000000000000000000000000000000000000000000000000000003740000000000000000000000000000000000000000000000000000010000000000000          0003407094060000000000000000000000000000000000000000000056
1022542123500018830940000316741000000                         00000005627301000000DM 00000000000000000000 01091105200029061119                    101119000000000374075630940011105200000100000000000000000000000000000000000000000000000000000000000000000000000000003740000000000000000000000000000000000000000000000000000010000000000000          0007331229087200000000000000000000000000000000000000000057
1022542123500018830940000316741000000                         00000005896501000000DM 00000000000000000000 01091105201000211019                    111119000000000526575630940011105200000100000000000000000000000000000000000000000000000000000000000000000000000000005265000000000000000000000000000000000000000000000000000010000000000000          6522717500018100000000000000000000000000000000000000000058
1022542123500018830940000316741000000                         00000005953001000000DM 00000000000000000000 01060805200028160520                    100520000000000400010400970010805200000250000000000000000000000000000000000000000000000000000000000000000000000000004000000000000000000000000000000000000000000000000000000010000000000000          0008257197068200000000000000000000000000000000000000000059
1022542123500018830940000316741000000                         00000006037501000000DM 00000000000000000000 01061105200017950520                    100520000000000360010400970011105200000250000000000000000000000000000000000000000000000000000000000000000000000000003600000000000000000000000000000000000000000000000000000010000000000000          0000027258068600000000000000000000000000000000000000000060
1022542123500018830940000316741000000                         00000006781201000000DM 00000000000000000000 01061105201000100420                    100520000000000760000142020011105200000250000000000000000000000000000000000000000000000000000000000000000000000000007600000000000000000000000000000000000000000000000000000010000000000000          7097303700034300000000000000000000000000000000000000000061
1022542123500018830940000316741000000                         00000006787601000000DM 00000000000000000000 01061105201000270520                    100520000000002072075630940011105200000250000000000000000000000000000000000000000000000000000000000000000000000000020720000000000000000000000000000000000000000000000000000010000000000000          0534793700015100000000000000000000000000000000000000000062
9027563094SICOOB CREDIARA          R D BOSCO                                         Centro                        38183228Araxá                         MG140520200000006100000000113                                                                                                                                                                                                                    000063
