02RETORNO01COBRANÇA       30940000327964316741J REZENDE                     756 - BANCOOB S/A 1405200000404                                                                                                                                                                                                                                                                                               000001
1022542123500018830940000316741000000                         00000006001001000000DM 00000000000000000000 01060505200026740520                    100520000000000400010400970010505200000250000000000000000000000000000000000000000000000000000000000000000000000000004000000000000000000000000000000000000000000000000000000010000000000000          0000954360460600000000000000000000000000000000000000000002
1022542123500018830940000316741000000                         00000006073001000000DM 00000000000000000000 01060405200010210520                    100520000000000360010400970010405200000250000000000000000000000000000000000000000000000000000000000000000000000000003600000000000000000000000000000000000000000000000000000010000000000000          0007187518269100000000000000000000000000000000000000000003
1022542123500018830940000316741000000                         00000006109001000000DM 00000000000000000000 01060505200028820520                    100520000000000400010400970010505200000250000000000000000000000000000000000000000000000000000000000000000000000000004000000000000000000000000000000000000000000000000000000010000000000000          0002486093060600000000000000000000000000000000000000000004
1022542123500018830940000316741000000                         00000005917501000000DM 00000000000000000000 01060405200014580520                    100520000000000360010400970010405200000250000000000000000000000000000000000000000000000000000000000000000000000000003600000000000000000000000000000000000000000000000000000010000000000000          0002361630010000000000000000000000000000000000000000000005
1022542123500018830940000316741000000                         00000005941201000000DM 00000000000000000000 01060405200027130520                    100520000000000400023716910010405200000250000000000000000000000000000000000000000000000000000000000000000000000000004000000000000000000000000000000000000000000000000000000010000000000000          0009652261564900000000000000000000000000000000000000000006
1022542123500018830940000316741000000                         00000005965901000000DM 00000000000000000000 01060405200001140520                    100520000000000360010400970010405200000250000000000000000000000000000000000000000000000000000000000000000000000000003600000000000000000000000000000000000000000000000000000010000000000000          0004897155363400000000000000000000000000000000000000000007
1022542123500018830940000316741000000                         00000006097701000000DM 00000000000000000000 01060605200016360520                    100520000000000400010400970010605200000250000000000000000000000000000000000000000000000000000000000000000000000000004000000000000000000000000000000000000000000000000000000010000000000000          0004340692069100000000000000000000000000000000000000000008
1022542123500018830940000316741000000                         00000005989501000000DM 00000000000000000000 01060505200025270520                    100520000000000400010400970010505200000250000000000000000000000000000000000000000000000000000000000000000000000000004000000000000000000000000000000000000000000000000000000010000000000000          0000677178867900000000000000000000000000000000000000000009
1022542123500018830940000316741000000                         00000006289101000000DM 00000000000000000000 01060605200000410520                    100520000000000360010400970010605200000250000000000000000000000000000000000000000000000000000000000000000000000000003600000000000000000000000000000000000000000000000000000010000000000000          0000565324365500000000000000000000000000000000000000000010
1022542123500018830940000316741000000                         00000006217101000000DM 00000000000000000000 01060605200010200520                    100520000000000400010400970010605200000250000000000000000000000000000000000000000000000000000000000000000000000000004000000000000000000000000000000000000000000000000000000010000000000000          0003616071763400000000000000000000000000000000000000000011
1022542123500018830940000316741000000                         00000006061201000000DM 00000000000000000000 01060605200005190520                    100520000000000360010400970010605200000250000000000000000000000000000000000000000000000000000000000000000000000000003600000000000000000000000000000000000000000000000000000010000000000000          0007188477760000000000000000000000000000000000000000000012
9027563094SICOOB CREDIARA          R D BOSCO                                         Centro                        38183228Araxá                         MG140520200000001100000000113                                                                                                                                                                                                                    000013
