02RETORNO01COBRANÇA       30940000327964316741J REZENDE                     756 - BANCOOB S/A 1604190000302                                                                                                                                                                                                                                                                                               000001
1022542123500018830940000316741000000                         00000003774301000000DM 00000000000000000000 01090904190029711018                    101018000000000374075630940010904190000100000000000000000000000000000000000000000000000000000000000000000000000000003740000000000000000000000000000000000000000000000000000010000000000000          0002729840060600000000000000000000000000000000000000000002
1022542123500018830940000316741000000                         00000003738801000000DM 00000000000000000000 01090904190029631018                    101018000000000374075630940010904190000100000000000000000000000000000000000000000000000000000000000000000000000000003740000000000000000000000000000000000000000000000000000010000000000000          0000559499965500000000000000000000000000000000000000000003
1022542123500018830940000316741000000                         00000003911301000000DM 00000000000000000000 01090904190025531018                    101018000000000374075630940010904190000100000000000000000000000000000000000000000000000000000000000000000000000000003740000000000000000000000000000000000000000000000000000010000000000000          0000588234869200000000000000000000000000000000000000000004
1022542123500018830940000316741000000                         00000003971501000000DM 00000000000000000000 01090904190026711018                    101018000000000374075630940010904190000100000000000000000000000000000000000000000000000000000000000000000000000000003740000000000000000000000000000000000000000000000000000010000000000000          0005764341515300000000000000000000000000000000000000000005
1022542123500018830940000316741000000                         00000004210201000000DM 00000000000000000000 01090904190030431018                    101018000000000374075630940010904190000100000000000000000000000000000000000000000000000000000000000000000000000000003740000000000000000000000000000000000000000000000000000010000000000000          0000394635469600000000000000000000000000000000000000000006
1022542123500018830940000316741000000                         00000003995101000000DM 00000000000000000000 01090904190026751018                    101018000000000374075630940010904190000100000000000000000000000000000000000000000000000000000000000000000000000000003740000000000000000000000000000000000000000000000000000010000000000000          0001130201368800000000000000000000000000000000000000000007
1022542123500018830940000316741000000                         00000004019401000000DM 00000000000000000000 01090904190027001018                    101018000000000374075630940010904190000100000000000000000000000000000000000000000000000000000000000000000000000000003740000000000000000000000000000000000000000000000000000010000000000000          0000487456467400000000000000000000000000000000000000000008
1022542123500018830940000316741000000                         00000004043101000000DM 00000000000000000000 01090904190014421018                    101018000000000324075630940010904190000100000000000000000000000000000000000000000000000000000000000000000000000000003240000000000000000000000000000000000000000000000000000010000000000000          0000534757766500000000000000000000000000000000000000000009
1022542123500018830940000316741000000                         00000004055001000000DM 00000000000000000000 01090904190014431018                    101018000000000324075630940010904190000100000000000000000000000000000000000000000000000000000000000000000000000000003240000000000000000000000000000000000000000000000000000010000000000000          0000696140365400000000000000000000000000000000000000000010
1022542123500018830940000316741000000                         00000003803201000000DM 00000000000000000000 01090904190030641018                    101018000000000374075630940010904190000100000000000000000000000000000000000000000000000000000000000000000000000000003740000000000000000000000000000000000000000000000000000010000000000000          0000507097947700000000000000000000000000000000000000000011
1022542123500018830940000316741000000                         00000003899901000000DM 00000000000000000000 01090904190025421018                    101018000000000374075630940010904190000100000000000000000000000000000000000000000000000000000000000000000000000000003740000000000000000000000000000000000000000000000000000010000000000000          0002891803760000000000000000000000000000000000000000000012
1022542123500018830940000316741000000                         00000003947801000000DM 00000000000000000000 01090904190026061018                    101018000000000374075630940010904190000100000000000000000000000000000000000000000000000000000000000000000000000000003740000000000000000000000000000000000000000000000000000010000000000000          0004341197568700000000000000000000000000000000000000000013
1022542123500018830940000316741000000                         00000003630801000000DM 00000000000000000000 01090904190027571018                    101018000000000374075630940010904190000100000000000000000000000000000000000000000000000000000000000000000000000000003740000000000000000000000000000000000000000000000000000010000000000000          0000699499364700000000000000000000000000000000000000000014
1022542123500018830940000316741000000                         00000004151201000000DM 00000000000000000000 01090904190025311018                    101018000000000374075630940010904190000100000000000000000000000000000000000000000000000000000000000000000000000000003740000000000000000000000000000000000000000000000000000010000000000000          0000797618260900000000000000000000000000000000000000000015
1022542123500018830940000316741000000                         00000003283001000000DM 00000000000000000000 01090904190012201018                    101018000000000324075630940010904190000100000000000000000000000000000000000000000000000000000000000000000000000000003240000000000000000000000000000000000000000000000000000010000000000000          0005183755876000000000000000000000000000000000000000000016
1022542123500018830940000316741000000                         00000003355601000000DM 00000000000000000000 01090904190024351018                    101018000000000324075630940010904190000100000000000000000000000000000000000000000000000000000000000000000000000000003240000000000000000000000000000000000000000000000000000010000000000000          0008566563069100000000000000000000000000000000000000000017
1022542123500018830940000316741000000                         00000003851601000000DM 00000000000000000000 01090904190030291018                    101018000000000374075630940010904190000100000000000000000000000000000000000000000000000000000000000000000000000000003740000000000000000000000000000000000000000000000000000010000000000000          0001252081260500000000000000000000000000000000000000000018
1022542123500018830940000316741000000                         00000003714101000000DM 00000000000000000000 01090904190029161018                    101018000000000374075630940010904190000100000000000000000000000000000000000000000000000000000000000000000000000000003740000000000000000000000000000000000000000000000000000010000000000000          0001248442318700000000000000000000000000000000000000000019
1022542123500018830940000316741000000                         00000003791901000000DM 00000000000000000000 01090904190029771018                    101018000000000374075630940010904190000100000000000000000000000000000000000000000000000000000000000000000000000000003740000000000000000000000000000000000000000000000000000010000000000000          0006219557360000000000000000000000000000000000000000000020
1022542123500018830940000316741000000                         00000003827901000000DM 00000000000000000000 01090904190030111018                    101018000000000374075630940010904190000100000000000000000000000000000000000000000000000000000000000000000000000000003740000000000000000000000000000000000000000000000000000010000000000000          0001104048469700000000000000000000000000000000000000000021
1022542123500018830940000316741000000                         00000003391101000000DM 00000000000000000000 01090904190024731018                    101018000000000374075630940010904190000100000000000000000000000000000000000000000000000000000000000000000000000000003740000000000000000000000000000000000000000000000000000010000000000000          0001603579869100000000000000000000000000000000000000000022
1022542123500018830940000316741000000                         00000004223801000000DM 00000000000000000000 01090904190004911018                    101018000000000324075630940010904190000100000000000000000000000000000000000000000000000000000000000000000000000000003240000000000000000000000000000000000000000000000000000010000000000000          0002624052160400000000000000000000000000000000000000000023
1022542123500018830940000316741000000                         00000003570001000000DM 00000000000000000000 01090904190022821018                    101018000000000324075630940010904190000100000000000000000000000000000000000000000000000000000000000000000000000000003240000000000000000000000000000000000000000000000000000010000000000000          0007188059365300000000000000000000000000000000000000000024
1022542123500018830940000316741000000                         00000003523401000000DM 00000000000000000000 01090904190017751018                    101018000000000324075630940010904190000100000000000000000000000000000000000000000000000000000000000000000000000000003240000000000000000000000000000000000000000000000000000010000000000000          0002729843469100000000000000000000000000000000000000000025
1022542123500018830940000316741000000                         00000003582901000000DM 00000000000000000000 01090904190023041018                    101018000000000374075630940010904190000100000000000000000000000000000000000000000000000000000000000000000000000000003740000000000000000000000000000000000000000000000000000010000000000000          0004225353567200000000000000000000000000000000000000000026
1022542123500018830940000316741000000                         00000002947901000000DM 00000000000000000000 01090904190004601018                    101018000000000324075630940010904190000100000000000000000000000000000000000000000000000000000000000000000000000000003240000000000000000000000000000000000000000000000000000010000000000000          0004085395076800000000000000000000000000000000000000000027
1022542123500018830940000316741000000                         00000002787001000000DM 00000000000000000000 01090904190001521018                    101018000000000324075630940010904190000100000000000000000000000000000000000000000000000000000000000000000000000000003240000000000000000000000000000000000000000000000000000010000000000000          0000719132169500000000000000000000000000000000000000000028
1022542123500018830940000316741000000                         00000002823001000000DM 00000000000000000000 01090904190003301018                    101018000000000324075630940010904190000100000000000000000000000000000000000000000000000000000000000000000000000000003240000000000000000000000000000000000000000000000000000010000000000000          0000916024261200000000000000000000000000000000000000000029
1022542123500018830940000316741000000                         00000002995201000000DM 00000000000000000000 01090904190006791018                    101018000000000374075630940010904190000100000000000000000000000000000000000000000000000000000000000000000000000000003740000000000000000000000000000000000000000000000000000010000000000000          0003619380163400000000000000000000000000000000000000000030
1022542123500018830940000316741000000                         00000003007701000000DM 00000000000000000000 01090904190007201018                    101018000000000324075630940010904190000100000000000000000000000000000000000000000000000000000000000000000000000000003240000000000000000000000000000000000000000000000000000010000000000000          0003609756063000000000000000000000000000000000000000000031
1022542123500018830940000316741000000                         00000003079701000000DM 00000000000000000000 01090904190008471018                    101018000000000374075630940010904190000100000000000000000000000000000000000000000000000000000000000000000000000000003740000000000000000000000000000000000000000000000000000010000000000000          0000150671660100000000000000000000000000000000000000000032
1022542123500018830940000316741000000                         00000003091601000000DM 00000000000000000000 01090904190008691018                    101018000000000324075630940010904190000100000000000000000000000000000000000000000000000000000000000000000000000000003240000000000000000000000000000000000000000000000000000010000000000000          0000027442861000000000000000000000000000000000000000000033
1022542123500018830940000316741000000                         00000004235601000000DM 00000000000000000000 01090904190030461018                    101018000000000374075630940010904190000100000000000000000000000000000000000000000000000000000000000000000000000000003740000000000000000000000000000000000000000000000000000010000000000000          0000149822561600000000000000000000000000000000000000000034
1022542123500018830940000316741000000                         00000002983401000000DM 00000000000000000000 01090904190004731018                    101018000000000324075630940010904190000100000000000000000000000000000000000000000000000000000000000000000000000000003240000000000000000000000000000000000000000000000000000010000000000000          0004063987868700000000000000000000000000000000000000000035
1022542123500018830940000316741000000                         00000004283001000000DM 00000000000000000000 01090904190030621018                    101018000000000374075630940010904190000100000000000000000000000000000000000000000000000000000000000000000000000000003740000000000000000000000000000000000000000000000000000010000000000000          0001347627260500000000000000000000000000000000000000000036
1022542123500018830940000316741000000                         00000002935001000000DM 00000000000000000000 01090904190001271018                    101018000000000324075630940010904190000100000000000000000000000000000000000000000000000000000000000000000000000000003240000000000000000000000000000000000000000000000000000010000000000000          0000557190363500000000000000000000000000000000000000000037
1022542123500018830940000316741000000                         00000003019501000000DM 00000000000000000000 01090904190007431018                    101018000000000324075630940010904190000100000000000000000000000000000000000000000000000000000000000000000000000000003240000000000000000000000000000000000000000000000000000010000000000000          0000653259166100000000000000000000000000000000000000000038
1022542123500018830940000316741000000                         00000003031401000000DM 00000000000000000000 01090904190008391018                    101018000000000324075630940010904190000100000000000000000000000000000000000000000000000000000000000000000000000000003240000000000000000000000000000000000000000000000000000010000000000000          0004904386264900000000000000000000000000000000000000000039
1022542123500018830940000316741000000                         00000004187701000000DM 00000000000000000000 01090904190026731018                    101018000000000374075630940010904190000100000000000000000000000000000000000000000000000000000000000000000000000000003740000000000000000000000000000000000000000000000000000010000000000000          0000945536569300000000000000000000000000000000000000000040
1022542123500018830940000316741000000                         00000003139401000000DM 00000000000000000000 01090904190005451018                    101018000000000324075630940010904190000100000000000000000000000000000000000000000000000000000000000000000000000000003240000000000000000000000000000000000000000000000000000010000000000000          0003013578866800000000000000000000000000000000000000000041
1022542123500018830940000316741000000                         00000003223901000000DM 00000000000000000000 01090904190010201018                    101018000000000374075630940010904190000100000000000000000000000000000000000000000000000000000000000000000000000000003740000000000000000000000000000000000000000000000000000010000000000000          0003616071763400000000000000000000000000000000000000000042
1022542123500018830940000316741000000                         00000003534501000000DM 00000000000000000000 01090904190022631018                    101018000000000324075630940010904190000100000000000000000000000000000000000000000000000000000000000000000000000000003240000000000000000000000000000000000000000000000000000010000000000000          0002485828563400000000000000000000000000000000000000000043
1022542123500018830940000316741000000                         00000002883201000000DM 00000000000000000000 01090904190004231018                    101018000000000324075630940010904190000100000000000000000000000000000000000000000000000000000000000000000000000000003240000000000000000000000000000000000000000000000000000010000000000000          0005724833867200000000000000000000000000000000000000000044
1022542123500018830940000316741000000                         00000003187801000000DM 00000000000000000000 01090904190009451018                    101018000000000324075630940010904190000100000000000000000000000000000000000000000000000000000000000000000000000000003240000000000000000000000000000000000000000000000000000010000000000000          0009277825960000000000000000000000000000000000000000000045
1022542123500018830940000316741000000                         00000004199501000000DM 00000000000000000000 01090904190030421018                    101018000000000374075630940010904190000100000000000000000000000000000000000000000000000000000000000000000000000000003740000000000000000000000000000000000000000000000000000010000000000000          0001076302165200000000000000000000000000000000000000000046
1022542123500018830940000316741000000                         00000003271201000000DM 00000000000000000000 01090904190011391018                    101018000000000324075630940010904190000100000000000000000000000000000000000000000000000000000000000000000000000000003240000000000000000000000000000000000000000000000000000010000000000000          0009651106069100000000000000000000000000000000000000000047
1022542123500018830940000316741000000                         00000003415301000000DM 00000000000000000000 01090904190025831018                    101018000000000374075630940010904190000100000000000000000000000000000000000000000000000000000000000000000000000000003740000000000000000000000000000000000000000000000000000010000000000000          0000512870969800000000000000000000000000000000000000000048
1022542123500018830940000316741000000                         00000003451901000000DM 00000000000000000000 01090904190015841018                    101018000000000324075630940010904190000100000000000000000000000000000000000000000000000000000000000000000000000000003240000000000000000000000000000000000000000000000000000010000000000000          0006872201061000000000000000000000000000000000000000000049
1022542123500018830940000316741000000                         00000003487301000000DM 00000000000000000000 01090904190017121018                    101018000000000324075630940010904190000100000000000000000000000000000000000000000000000000000000000000000000000000003240000000000000000000000000000000000000000000000000000010000000000000          0006761282268700000000000000000000000000000000000000000050
1022542123500018830940000316741000000                         00000003690001000000DM 00000000000000000000 01090904190028971018                    101018000000000374075630940010904190000100000000000000000000000000000000000000000000000000000000000000000000000000003740000000000000000000000000000000000000000000000000000010000000000000          0005968516666800000000000000000000000000000000000000000051
1022542123500018830940000316741000000                         00000004456401000000DM 00000000000000000000 01090904190017951018                    101018000000000324075630940010904190000100000000000000000000000000000000000000000000000000000000000000000000000000003240000000000000000000000000000000000000000000000000000010000000000000          0000027258068600000000000000000000000000000000000000000052
1022542123500018830940000316741000000                         00000004470801000000DM 00000000000000000000 01090904190030671018                    101018000000000374075630940010904190000100000000000000000000000000000000000000000000000000000000000000000000000000003740000000000000000000000000000000000000000000000000000010000000000000          0004937862766800000000000000000000000000000000000000000053
1022542123500018830940000316741000000                         00000004481901000000DM 00000000000000000000 01090904190030661018                    101018000000000324075630940010904190000100000000000000000000000000000000000000000000000000000000000000000000000000003240000000000000000000000000000000000000000000000000000010000000000000          0000927428865400000000000000000000000000000000000000000054
1022542123500018830940000316741000000                         00000004379101000000DM 00000000000000000000 01090904190030411018                    101018000000000374075630940010904190000100000000000000000000000000000000000000000000000000000000000000000000000000003740000000000000000000000000000000000000000000000000000010000000000000          0006919796260000000000000000000000000000000000000000000055
1022542123500018830940000316741000000                         00000004391001000000DM 00000000000000000000 01090904190030441018                    101018000000000374075630940010904190000100000000000000000000000000000000000000000000000000000000000000000000000000003740000000000000000000000000000000000000000000000000000010000000000000          0000119164868000000000000000000000000000000000000000000056
1022542123500018830940000316741000000                         00000004574901000000DM 00000000000000000000 01090904190026041018                    101018000000000374075630940010904190000100000000000000000000000000000000000000000000000000000000000000000000000000003740000000000000000000000000000000000000000000000000000010000000000000          0007148771960400000000000000000000000000000000000000000057
1022542123500018830940000316741000000                         00000004562001000000DM 00000000000000000000 01090904190016381018                    101018000000000324075630940010904190000100000000000000000000000000000000000000000000000000000000000000000000000000003240000000000000000000000000000000000000000000000000000010000000000000          0004897108160000000000000000000000000000000000000000000058
1022542123500018830940000316741000000                         00000004527201000000DM 00000000000000000000 01090904190025541018                    101018000000000349075630940010904190000100000000000000000000000000000000000000000000000000000000000000000000000000003490000000000000000000000000000000000000000000000000000010000000000000          0006612599561500000000000000000000000000000000000000000059
1022542123500018830940000316741000000                         00000004641801000000DM 00000000000000000000 01090904191000180918                    101018000000004968075630940010904190000100000000000000000000000000000000000000000000000000000000000000000000000000049680000000000000000000000000000000000000000000000000000010000000000000          1823706600016500000000000000000000000000000000000000000060
1022542123500018830940000316741000000                         00000005236201000000DM 00000000000000000000 01060504190016360419                    100419000000000374010400970010504190000250000000000000000000000000000000000000000000000000000000000000000000000000003740000000000000000000000000000000000000000000000000000010000000000000          0004340692069100000000000000000000000000000000000000000061
1022542123500018830940000316741000000                         00000004840401000000DM 00000000000000000000 01060804190005350519                    100519000000000324075630940010804190000250000000000000000000000000000000000000000000000000000000000000000000000000003240000000000000000000000000000000000000000000000000000010000000000000          0000659773163800000000000000000000000000000000000000000062
1022542123500018830940000316741000000                         00000004935901000000DM 00000000000000000000 01060504190008470419                    100419000000000374010400970010504190000250000000000000000000000000000000000000000000000000000000000000000000000000003740000000000000000000000000000000000000000000000000000010000000000000          0000150671660100000000000000000000000000000000000000000063
1022542123500018830940000316741000000                         00000005248001000000DM 00000000000000000000 01060904190017220419                    100419000000000324010400970010904190000250000000000000000000000000000000000000000000000000000000000000000000000000003240000000000000000000000000000000000000000000000000000010000000000000          0000326379860000000000000000000000000000000000000000000064
1022542123500018830940000316741000000                         00000005452401000000DM 00000000000000000000 01061004190026050419                    100419000000000374010400970011004190000250000000000000000000000000000000000000000000000000000000000000000000000000003740000000000000000000000000000000000000000000000000000010000000000000          0000258153466400000000000000000000000000000000000000000065
1022542123500018830940000316741000000                         00000004671901000000DM 00000000000000000000 01061004190001140419                    100419000000000324010400970011004190000250000000000000000000000000000000000000000000000000000000000000000000000000003240000000000000000000000000000000000000000000000000000010000000000000          0004897155363400000000000000000000000000000000000000000066
1022542123500018830940000316741000000                         00000004707901000000DM 00000000000000000000 01060804190002560419                    100419000000000324010400970010804190000250000000000000000000000000000000000000000000000000000000000000000000000000003240000000000000000000000000000000000000000000000000000010000000000000          0000474784860600000000000000000000000000000000000000000067
1022542123500018830940000316741000000                         00000004934101000000DM 00000000000000000000 01060504190008470319                    100319000000000374010400970010504190000250000000000000000000000000000000000000000000000000000000000000000000000000003776000000000003600000000000000000000000000000000000000010000000000000          0000150671660100000000000000000000000000000000000000000068
1022542123500018830940000316741000000                         00000005548601000000DM 00000000000000000000 01060804190028150419                    100419000000000374010400970010804190000250000000000000000000000000000000000000000000000000000000000000000000000000003740000000000000000000000000000000000000000000000000000010000000000000          0001026372666500000000000000000000000000000000000000000069
1022542123500018830940000316741000000                         00000005560501000000DM 00000000000000000000 01061004190028160419                    100419000000000374010400970011004190000250000000000000000000000000000000000000000000000000000000000000000000000000003740000000000000000000000000000000000000000000000000000010000000000000          0008257197068200000000000000000000000000000000000000000070
1022542123500018830940000316741000000                         00000005668501000000DM 00000000000000000000 01061004190030140419                    100419000000000374075630940011004190000250000000000000000000000000000000000000000000000000000000000000000000000000003740000000000000000000000000000000000000000000000000000010000000000000          0000506908968400000000000000000000000000000000000000000071
1022542123500018830940000316741000000                         00000005680401000000DM 00000000000000000000 01061004190030330419                    100419000000000374010400970011004190000250000000000000000000000000000000000000000000000000000000000000000000000000003740000000000000000000000000000000000000000000000000000010000000000000          0008285259668700000000000000000000000000000000000000000072
1022542123500018830940000316741000000                         00000004911201000000DM 00000000000000000000 01061004190008390419                    100419000000000324010400970011004190000250000000000000000000000000000000000000000000000000000000000000000000000000003240000000000000000000000000000000000000000000000000000010000000000000          0004904386264900000000000000000000000000000000000000000073
1022542123500018830940000316741000000                         00000005091401000000DM 00000000000000000000 01061004190012340419                    100419000000000324010400970011004190000250000000000000000000000000000000000000000000000000000000000000000000000000003240000000000000000000000000000000000000000000000000000010000000000000          0008461066260400000000000000000000000000000000000000000074
1022542123500018830940000316741000000                         00000004875101000000DM 00000000000000000000 01060804190006480419                    100419000000000374010400970010804190000250000000000000000000000000000000000000000000000000000000000000000000000000003740000000000000000000000000000000000000000000000000000010000000000000          0001612677762000000000000000000000000000000000000000000075
1022542123500018830940000316741000000                         00000004923001000000DM 00000000000000000000 01060904190008410419                    100419000000000324010400970010904190000250000000000000000000000000000000000000000000000000000000000000000000000000003240000000000000000000000000000000000000000000000000000010000000000000          0004459589168700000000000000000000000000000000000000000076
1022542123500018830940000316741000000                         00000005007501000000DM 00000000000000000000 01060504190010210419                    100419000000000324010400970010504190000250000000000000000000000000000000000000000000000000000000000000000000000000003240000000000000000000000000000000000000000000000000000010000000000000          0007187518269100000000000000000000000000000000000000000077
1022542123500018830940000316741000000                         00000004694801000000DM 00000000000000000000 01060904190002470319                    100319000000000324010400970010904190000250000000000000000000000000000000000000000000000000000000000000000000000000003276000000000003600000000000000000000000000000000000000010000000000000          0000356167569700000000000000000000000000000000000000000078
1022542123500018830940000316741000000                         00000004803101000000DM 00000000000000000000 01060804190004530419                    100419000000000374010400970010804190000250000000000000000000000000000000000000000000000000000000000000000000000000003740000000000000000000000000000000000000000000000000000010000000000000          0000786278560600000000000000000000000000000000000000000079
1022542123500018830940000316741000000                         00000004827801000000DM 00000000000000000000 01061004190005190419                    100419000000000324010400970011004190000250000000000000000000000000000000000000000000000000000000000000000000000000003240000000000000000000000000000000000000000000000000000010000000000000          0007188477760000000000000000000000000000000000000000000080
1022542123500018830940000316741000000                         00000004972101000000DM 00000000000000000000 01061004190009530519                    100519000000000324010400970011004190000250000000000000000000000000000000000000000000000000000000000000000000000000003240000000000000000000000000000000000000000000000000000010000000000000          0004361846464900000000000000000000000000000000000000000081
1022542123500018830940000316741000000                         00000005724301000000DM 00000000000000000000 01060904190030690419                    100419000000000374075630940010904190000250000000000000000000000000000000000000000000000000000000000000000000000000003740000000000000000000000000000000000000000000000000000010000000000000          0006037461660400000000000000000000000000000000000000000082
1022542123500018830940000316741000000                         00000005428701000000DM 00000000000000000000 01060504190025270419                    100419000000000374010400970010504190000250000000000000000000000000000000000000000000000000000000000000000000000000003740000000000000000000000000000000000000000000000000000010000000000000          0000677178867900000000000000000000000000000000000000000083
1022542123500018830940000316741000000                         00000005440601000000DM 00000000000000000000 01061004190025960419                    100419000000000374023716910011004190000250000000000000000000000000000000000000000000000000000000000000000000000000003740000000000000000000000000000000000000000000000000000010000000000000          0009277829168700000000000000000000000000000000000000000084
1022542123500018830940000316741000000                         00000005176501000000DM 00000000000000000000 01060904190014700419                    100419000000000324010400970010904190000250000000000000000000000000000000000000000000000000000000000000000000000000003240000000000000000000000000000000000000000000000000000010000000000000          0008318973461500000000000000000000000000000000000000000085
1022542123500018830940000316741000000                         00000005224401000000DM 00000000000000000000 01060804190015980419                    100419000000000324010400970010804190000250000000000000000000000000000000000000000000000000000000000000000000000000003240000000000000000000000000000000000000000000000000000010000000000000          0007886934067800000000000000000000000000000000000000000086
1022542123500018830940000316741000000                         00000005380901000000DM 00000000000000000000 01060504190024530419                    100419000000000374010400970010504190000250000000000000000000000000000000000000000000000000000000000000000000000000003740000000000000000000000000000000000000000000000000000010000000000000          0003607094764900000000000000000000000000000000000000000087
1022542123500018830940000316741000000                         00000005572301000000DM 00000000000000000000 01061004190028810419                    100419000000000374010400970011004190000250000000000000000000000000000000000000000000000000000000000000000000000000003740000000000000000000000000000000000000000000000000000010000000000000          0002729612165300000000000000000000000000000000000000000088
1022542123500018830940000316741000000                         00000005608301000000DM 00000000000000000000 01061004190029010419                    100419000000000374010400970011004190000250000000000000000000000000000000000000000000000000000000000000000000000000003740000000000000000000000000000000000000000000000000000010000000000000          0002483652468700000000000000000000000000000000000000000089
1022542123500018830940000316741000000                         00000005644901000000DM 00000000000000000000 01060504190029700419                    100419000000000374010400970010504190000250000000000000000000000000000000000000000000000000000000000000000000000000003740000000000000000000000000000000000000000000000000000010000000000000          0000214486281800000000000000000000000000000000000000000090
1022542123500018830940000316741000000                         00000004767001000000DM 00000000000000000000 01060804190004270419                    100419000000000324010400970010804190000250000000000000000000000000000000000000000000000000000000000000000000000000003240000000000000000000000000000000000000000000000000000010000000000000          0000329979965700000000000000000000000000000000000000000091
1022542123500018830940000316741000000                         00000004839601000000DM 00000000000000000000 01060804190005350419                    100419000000000324075630940010804190000250000000000000000000000000000000000000000000000000000000000000000000000000003240000000000000000000000000000000000000000000000000000010000000000000          0000659773163800000000000000000000000000000000000000000092
1022542123500018830940000316741000000                         00000004959501000000DM 00000000000000000000 01060904190009010419                    100419000000000324010400970010904190000250000000000000000000000000000000000000000000000000000000000000000000000000003240000000000000000000000000000000000000000000000000000010000000000000          0009470166060400000000000000000000000000000000000000000093
1022542123500018830940000316741000000                         00000005584101000000DM 00000000000000000000 01060804190028820419                    100419000000000374010400970010804190000250000000000000000000000000000000000000000000000000000000000000000000000000003740000000000000000000000000000000000000000000000000000010000000000000          0002486093060600000000000000000000000000000000000000000094
1022542123500018830940000316741000000                         00000005188301000000DM 00000000000000000000 01060804190014950419                    100419000000000324010400970010804190000250000000000000000000000000000000000000000000000000000000000000000000000000003240000000000000000000000000000000000000000000000000000010000000000000          0000136752462800000000000000000000000000000000000000000095
1022542123500018830940000316741000000                         00000005464201000000DM 00000000000000000000 01061004190026650419                    100419000000000374034109440011004190000250000000000000000000000000000000000000000000000000000000000000000000000000003740000000000000000000000000000000000000000000000000000010000000000000          0000694769266000000000000000000000000000000000000000000096
1022542123500018830940000316741000000                         00000005524001000000DM 00000000000000000000 01060504190027130419                    100419000000000374010400970010504190000250000000000000000000000000000000000000000000000000000000000000000000000000003740000000000000000000000000000000000000000000000000000010000000000000          0009652261564900000000000000000000000000000000000000000097
1022542123500018830940000316741000000                         00000004659001000000DM 00000000000000000000 01060804190000410419                    100419000000000324010400970010804190000250000000000000000000000000000000000000000000000000000000000000000000000000003240000000000000000000000000000000000000000000000000000010000000000000          0000565324365500000000000000000000000000000000000000000098
1022542123500018830940000316741000000                         00000004719701000000DM 00000000000000000000 01060804190004110419                    100419000000000374010400970010804190000250000000000000000000000000000000000000000000000000000000000000000000000000003740000000000000000000000000000000000000000000000000000010000000000000          0007246051260000000000000000000000000000000000000000000099
1022542123500018830940000316741000000                         00000004731601000000DM 00000000000000000000 01060804190004140419                    100419000000000374003334670010804190000250000000000000000000000000000000000000000000000000000000000000000000000000003740000000000000000000000000000000000000000000000000000010000000000000          0000303613564200000000000000000000000000000000000000000100
1022542123500018830940000316741000000                         00000005791701000000DM 00000000000000000000 01060904190029270419                    100419000000000374034142670010904190000250000000000000000000000000000000000000000000000000000000000000000000000000003740000000000000000000000000000000000000000000000000000010000000000000          0001166686868000000000000000000000000000000000000000000101
1022542123500018830940000316741000000                         00000005801601000000DM 00000000000000000000 01061004191000210319                    100419000000000526510400970011004190000250000000000000000000000000000000000000000000000000000000000000000000000000005265000000000000000000000000000000000000000000000000000010000000000000          6522717500018100000000000000000000000000000000000000000102
1022542123500018830940000316741000000                         00000005804801000000DM 00000000000000000000 01061004191000100319                    100419000000000698000142020011004190000250000000000000000000000000000000000000000000000000000000000000000000000000006980000000000000000000000000000000000000000000000000000010000000000000          7097303700034300000000000000000000000000000000000000000103
1022542123500018830940000316741000000                         00000005803001000000DM 00000000000000000000 01061004191000070319                    100419000000000698000142020011004190000250000000000000000000000000000000000000000000000000000000000000000000000000006980000000000000000000000000000000000000000000000000000010000000000000          7097303700069600000000000000000000000000000000000000000104
1022542123500018830940000316741000000                         00000005806201000000DM 00000000000000000000 01061004191000150319                    100419000000000349000142020011004190000250000000000000000000000000000000000000000000000000000000000000000000000000003490000000000000000000000000000000000000000000000000000010000000000000          7097303700093900000000000000000000000000000000000000000105
1022542123500018830940000316741000000                         00000005800901000000DM 00000000000000000000 01061004191000110319                    100419000000002146023716910011004190000250000000000000000000000000000000000000000000000000000000000000000000000000021460000000000000000000000000000000000000000000000000000010000000000000          3874637600038400000000000000000000000000000000000000000106
1022542123500018830940000316741000000                         00000005805501000000DM 00000000000000000000 01061004191000120319                    100419000000000698000102100011004190000250000000000000000000000000000000000000000000000000000000000000000000000000006980000000000000000000000000000000000000000000000000000010000000000000          7097216100012200000000000000000000000000000000000000000107
9027563094SICOOB CREDIARA          RUA MARIA RITA DE AGUIAR                          CENTRO                        38183236ARAXÁ                         MG160420190000010600000000113                                                                                                                                                                                                                    000108
