02RETORNO01COBRANÇA       30940000327964316741J REZENDE                     756 - BANCOOB S/A 0404190000301                                                                                                                                                                                                                                                                                               000001
1022542123500018830940000316741000000                         00000005367201000000DM 00000000000000000000 01100104190023970319                    100319000000000374075630940010104190000100000000000000000000000000000000000000000000000000000000000000000000000000003740000000000000000000000000000000000000000000000000000010000000000000          0007188737762000000000000000000000000000000000000000000002
1022542123500018830940000316741000000                         00000005152901000000DM 00000000000000000000 01060204190030710419                    100419000000000374010400970010204190000250000000000000000000000000000000000000000000000000000000000000000000000000003740000000000000000000000000000000000000000000000000000010000000000000          0000953633063600000000000000000000000000000000000000000003
1022542123500018830940000316741000000                         00000004791801000000DM 00000000000000000000 01060304190004370419                    100419000000000324010400970010304190000250000000000000000000000000000000000000000000000000000000000000000000000000003240000000000000000000000000000000000000000000000000000010000000000000          0001313854565300000000000000000000000000000000000000000004
1022542123500018830940000316741000000                         00000004896601000000DM 00000000000000000000 01100104190007010119                    100119000000000324075630940010104190000100000000000000000000000000000000000000000000000000000000000000000000000000003240000000000000000000000000000000000000000000000000000010000000000000          0006529267760400000000000000000000000000000000000000000005
1022542123500018830940000316741000000                         00000004755201000000DM 00000000000000000000 01060104190004220419                    100419000000000324010400970010104190000250000000000000000000000000000000000000000000000000000000000000000000000000003240000000000000000000000000000000000000000000000000000010000000000000          0007415855469100000000000000000000000000000000000000000006
1022542123500018830940000316741000000                         00000004897301000000DM 00000000000000000000 01100104190007010219                    100219000000000324075630940010104190000100000000000000000000000000000000000000000000000000000000000000000000000000003240000000000000000000000000000000000000000000000000000010000000000000          0006529267760400000000000000000000000000000000000000000007
1022542123500018830940000316741000000                         00000004683701000000DM 00000000000000000000 01060104190002360419                    100419000000000374010400970010104190000250000000000000000000000000000000000000000000000000000000000000000000000000003740000000000000000000000000000000000000000000000000000010000000000000          0000569370264200000000000000000000000000000000000000000008
1022542123500018830940000316741000000                         00000004898001000000DM 00000000000000000000 01100104190007010319                    100319000000000324075630940010104190000100000000000000000000000000000000000000000000000000000000000000000000000000003240000000000000000000000000000000000000000000000000000010000000000000          0006529267760400000000000000000000000000000000000000000009
1022542123500018830940000316741000000                         00000005416901000000DM 00000000000000000000 01060204190025190419                    100419000000000374010407080010204190000250000000000000000000000000000000000000000000000000000000000000000000000000003740000000000000000000000000000000000000000000000000000010000000000000          0008540006863400000000000000000000000000000000000000000010
9027563094SICOOB CREDIARA          RUA MARIA RITA DE AGUIAR                          CENTRO                        38183236ARAXÁ                         MG040420190000000900000000113                                                                                                                                                                                                                    000011
