02RETORNO01COBRANÇA       30940000327964316741J REZENDE                     756 - BANCOOB S/A 1604190000303                                                                                                                                                                                                                                                                                               000001
1022542123500018830940000316741000000                         00000003750701000000DM 00000000000000000000 01091504190029681018                    151018000000000374075630940011504190000100000000000000000000000000000000000000000000000000000000000000000000000000003740000000000000000000000000000000000000000000000000000010000000000000          0000270724966100000000000000000000000000000000000000000002
1022542123500018830940000316741000000                         00000005656701000000DM 00000000000000000000 01061504190029710419                    100419000000000374003334670011504190000250000000000000000000000000000000000000000000000000000000000000000000000000003749000000000000900000000000000000000000000000000000000010000000000000          0002729840060600000000000000000000000000000000000000000003
1022542123500018830940000316741000000                         00000003331001000000DM 00000000000000000000 01091504190013891018                    151018000000000324075630940011504190000100000000000000000000000000000000000000000000000000000000000000000000000000003240000000000000000000000000000000000000000000000000000010000000000000          0000690262868800000000000000000000000000000000000000000004
1022542123500018830940000316741000000                         00000005657401000000DM 00000000000000000000 01061504190029710519                    100519000000000374003334670011504190000250000000000000000000000000000000000000000000000000000000000000000000000000003740000000000000000000000000000000000000000000000000000010000000000000          0002729840060600000000000000000000000000000000000000000005
9027563094SICOOB CREDIARA          RUA MARIA RITA DE AGUIAR                          CENTRO                        38183236ARAXÁ                         MG160420190000000400000000113                                                                                                                                                                                                                    000006
