02RETORNO01COBRANÇA       30940000327964316741J REZENDE                     756 - BANCOOB S/A 2101200000376                                                                                                                                                                                                                                                                                               000001
1022542123500018830940000316741000000                         00000005118801000000DM 00000000000000000000 01091301200013890719                    150719000000000324075630940011301200000100000000000000000000000000000000000000000000000000000000000000000000000000003240000000000000000000000000000000000000000000000000000010000000000000          0000690262868800000000000000000000000000000000000000000002
1022542123500018830940000316741000000                         00000006189001000000DM 00000000000000000000 01101301200009010120                    100120000000000360075630940011301200000100000000000000000000000000000000000000000000000000000000000000000000000000003600000000000000000000000000000000000000000000000000000010000000000000          0009470166060400000000000000000000000000000000000000000003
1022542123500018830940000316741000000                         00000006212501000000DM 00000000000000000000 01101301200009531220                    101220000000000360075630940011301200000100000000000000000000000000000000000000000000000000000000000000000000000000003600000000000000000000000000000000000000000000000000000010000000000000          0004361846464900000000000000000000000000000000000000000004
1022542123500018830940000316741000000                         00000006201401000000DM 00000000000000000000 01101301200009530120                    100120000000000360075630940011301200000100000000000000000000000000000000000000000000000000000000000000000000000000003600000000000000000000000000000000000000000000000000000010000000000000          0004361846464900000000000000000000000000000000000000000005
1022542123500018830940000316741000000                         00000006204601000000DM 00000000000000000000 01101301200009530420                    100420000000000360075630940011301200000100000000000000000000000000000000000000000000000000000000000000000000000000003600000000000000000000000000000000000000000000000000000010000000000000          0004361846464900000000000000000000000000000000000000000006
1022542123500018830940000316741000000                         00000006207801000000DM 00000000000000000000 01101301200009530720                    100720000000000360075630940011301200000100000000000000000000000000000000000000000000000000000000000000000000000000003600000000000000000000000000000000000000000000000000000010000000000000          0004361846464900000000000000000000000000000000000000000007
1022542123500018830940000316741000000                         00000006132001000000DM 00000000000000000000 01101301200029700420                    100420000000000400075630940011301200000100000000000000000000000000000000000000000000000000000000000000000000000000004000000000000000000000000000000000000000000000000000000010000000000000          0000214486281800000000000000000000000000000000000000000008
1022542123500018830940000316741000000                         00000006135201000000DM 00000000000000000000 01101301200029700720                    100720000000000400075630940011301200000100000000000000000000000000000000000000000000000000000000000000000000000000004000000000000000000000000000000000000000000000000000000010000000000000          0000214486281800000000000000000000000000000000000000000009
1022542123500018830940000316741000000                         00000006138401000000DM 00000000000000000000 01101301200029701020                    101020000000000400075630940011301200000100000000000000000000000000000000000000000000000000000000000000000000000000004000000000000000000000000000000000000000000000000000000010000000000000          0000214486281800000000000000000000000000000000000000000010
1022542123500018830940000316741000000                         00000006203901000000DM 00000000000000000000 01101301200009530320                    100320000000000360075630940011301200000100000000000000000000000000000000000000000000000000000000000000000000000000003600000000000000000000000000000000000000000000000000000010000000000000          0004361846464900000000000000000000000000000000000000000011
1022542123500018830940000316741000000                         00000006210001000000DM 00000000000000000000 01101301200009531020                    101020000000000360075630940011301200000100000000000000000000000000000000000000000000000000000000000000000000000000003600000000000000000000000000000000000000000000000000000010000000000000          0004361846464900000000000000000000000000000000000000000012
1022542123500018830940000316741000000                         00000006285201000000DM 00000000000000000000 01061301200000410120                    100120000000000360010400970011301200000250000000000000000000000000000000000000000000000000000000000000000000000000003603000000000000300000000000000000000000000000000000000010000000000000          0000565324365500000000000000000000000000000000000000000013
1022542123500018830940000316741000000                         00000006134501000000DM 00000000000000000000 01101301200029700620                    100620000000000400075630940011301200000100000000000000000000000000000000000000000000000000000000000000000000000000004000000000000000000000000000000000000000000000000000000010000000000000          0000214486281800000000000000000000000000000000000000000014
1022542123500018830940000316741000000                         00000006137701000000DM 00000000000000000000 01101301200029700920                    100920000000000400075630940011301200000100000000000000000000000000000000000000000000000000000000000000000000000000004000000000000000000000000000000000000000000000000000000010000000000000          0000214486281800000000000000000000000000000000000000000015
1022542123500018830940000316741000000                         00000006678801000000DM 00000000000000000000 01101301200008470120                    100120000000000400075630940011301200000100000000000000000000000000000000000000000000000000000000000000000000000000004000000000000000000000000000000000000000000000000000000010000000000000          0000150671660100000000000000000000000000000000000000000016
1022542123500018830940000316741000000                         00000005937201000000DM 00000000000000000000 01061601200027130120                    100120000000000400023716910011601200000250000000000000000000000000000000000000000000000000000000000000000000000000004004000000000000400000000000000000000000000000000000000010000000000000          0009652261564900000000000000000000000000000000000000000017
1022542123500018830940000316741000000                         00000006130601000000DM 00000000000000000000 01101301200029700220                    100220000000000400075630940011301200000100000000000000000000000000000000000000000000000000000000000000000000000000004000000000000000000000000000000000000000000000000000000010000000000000          0000214486281800000000000000000000000000000000000000000018
1022542123500018830940000316741000000                         00000006133801000000DM 00000000000000000000 01101301200029700520                    100520000000000400075630940011301200000100000000000000000000000000000000000000000000000000000000000000000000000000004000000000000000000000000000000000000000000000000000000010000000000000          0000214486281800000000000000000000000000000000000000000019
1022542123500018830940000316741000000                         00000005395901000000DM 00000000000000000000 01091701200024540719                    200719000000000374075630940011701200000100000000000000000000000000000000000000000000000000000000000000000000000000003740000000000000000000000000000000000000000000000000000010000000000000          0000847276465600000000000000000000000000000000000000000020
1022542123500018830940000316741000000                         00000006131301000000DM 00000000000000000000 01101301200029700320                    100320000000000400075630940011301200000100000000000000000000000000000000000000000000000000000000000000000000000000004000000000000000000000000000000000000000000000000000000010000000000000          0000214486281800000000000000000000000000000000000000000021
1022542123500018830940000316741000000                         00000006140001000000DM 00000000000000000000 01101301200029701220                    101220000000000400075630940011301200000100000000000000000000000000000000000000000000000000000000000000000000000000004000000000000000000000000000000000000000000000000000000010000000000000          0000214486281800000000000000000000000000000000000000000022
1022542123500018830940000316741000000                         00000006129801000000DM 00000000000000000000 01101301200029700120                    100120000000000400075630940011301200000100000000000000000000000000000000000000000000000000000000000000000000000000004000000000000000000000000000000000000000000000000000000010000000000000          0000214486281800000000000000000000000000000000000000000023
1022542123500018830940000316741000000                         00000006202101000000DM 00000000000000000000 01101301200009530220                    100220000000000360075630940011301200000100000000000000000000000000000000000000000000000000000000000000000000000000003600000000000000000000000000000000000000000000000000000010000000000000          0004361846464900000000000000000000000000000000000000000024
1022542123500018830940000316741000000                         00000006205301000000DM 00000000000000000000 01101301200009530520                    100520000000000360075630940011301200000100000000000000000000000000000000000000000000000000000000000000000000000000003600000000000000000000000000000000000000000000000000000010000000000000          0004361846464900000000000000000000000000000000000000000025
1022542123500018830940000316741000000                         00000006208501000000DM 00000000000000000000 01101301200009530820                    100820000000000360075630940011301200000100000000000000000000000000000000000000000000000000000000000000000000000000003600000000000000000000000000000000000000000000000000000010000000000000          0004361846464900000000000000000000000000000000000000000026
1022542123500018830940000316741000000                         00000006139101000000DM 00000000000000000000 01101301200029701120                    101120000000000400075630940011301200000100000000000000000000000000000000000000000000000000000000000000000000000000004000000000000000000000000000000000000000000000000000000010000000000000          0000214486281800000000000000000000000000000000000000000027
1022542123500018830940000316741000000                         00000006211801000000DM 00000000000000000000 01101301200009531120                    101120000000000360075630940011301200000100000000000000000000000000000000000000000000000000000000000000000000000000003600000000000000000000000000000000000000000000000000000010000000000000          0004361846464900000000000000000000000000000000000000000028
1022542123500018830940000316741000000                         00000006136001000000DM 00000000000000000000 01101301200029700820                    100820000000000400075630940011301200000100000000000000000000000000000000000000000000000000000000000000000000000000004000000000000000000000000000000000000000000000000000000010000000000000          0000214486281800000000000000000000000000000000000000000029
1022542123500018830940000316741000000                         00000006206001000000DM 00000000000000000000 01101301200009530620                    100620000000000360075630940011301200000100000000000000000000000000000000000000000000000000000000000000000000000000003600000000000000000000000000000000000000000000000000000010000000000000          0004361846464900000000000000000000000000000000000000000030
1022542123500018830940000316741000000                         00000006209201000000DM 00000000000000000000 01101301200009530920                    100920000000000360075630940011301200000100000000000000000000000000000000000000000000000000000000000000000000000000003600000000000000000000000000000000000000000000000000000010000000000000          0004361846464900000000000000000000000000000000000000000031
1022542123500018830940000316741000000                         00000006321301000000DM 00000000000000000000 01061601200005930120                    100120000000000360010400970011601200000250000000000000000000000000000000000000000000000000000000000000000000000000003603000000000000300000000000000000000000000000000000000010000000000000          0003023575860400000000000000000000000000000000000000000032
1022542123500018830940000316741000000                         00000006465901000000DM 00000000000000000000 01061401200010140220                    100220000000000400010400970011401200000250000000000000000000000000000000000000000000000000000000000000000000000000004000000000000000000000000000000000000000000000000000000010000000000000          0005764752663400000000000000000000000000000000000000000033
9027563094SICOOB CREDIARA          R D BOSCO                                         Centro                        38183228Araxá                         MG210120200000003200000000113                                                                                                                                                                                                                    000034
