02RETORNO01COBRANÇA       30940000327964316741J REZENDE                     756 - BANCOOB S/A 1301200000375                                                                                                                                                                                                                                                                                               000001
1022542123500018830940000316741000000                         00000005925401000000DM 00000000000000000000 01061001200014950120                    100120000000000360023716910011001200000250000000000000000000000000000000000000000000000000000000000000000000000000003600000000000000000000000000000000000000000000000000000010000000000000          0000136752462800000000000000000000000000000000000000000002
1022542123500018830940000316741000000                         00000006021801000000DM 00000000000000000000 01061001200013270120                    100120000000000360010400970011001200000250000000000000000000000000000000000000000000000000000000000000000000000000003600000000000000000000000000000000000000000000000000000010000000000000          0005974586069700000000000000000000000000000000000000000003
1022542123500018830940000316741000000                         00000006333101000000DM 00000000000000000000 01060801200010920120                    100120000000000360010400970010801200000250000000000000000000000000000000000000000000000000000000000000000000000000003600000000000000000000000000000000000000000000000000000010000000000000          0007570230469100000000000000000000000000000000000000000004
1022542123500018830940000316741000000                         00000006345001000000DM 00000000000000000000 01061001200014700120                    100120000000000360010400970011001200000250000000000000000000000000000000000000000000000000000000000000000000000000003600000000000000000000000000000000000000000000000000000010000000000000          0008318973461500000000000000000000000000000000000000000005
1022542123500018830940000316741000000                         00000006712401000000DM 00000000000000000000 01061001201000260120                    100120000000005566010400970011001200000250000000000000000000000000000000000000000000000000000000000000000000000000055660000000000000000000000000000000000000000000000000000010000000000000          0098386400017000000000000000000000000000000000000000000006
1022542123500018830940000316741000000                         00000006713101000000DM 00000000000000000000 01061001201000250120                    100120000000000726010400970011001200000250000000000000000000000000000000000000000000000000000000000000000000000000007260000000000000000000000000000000000000000000000000000010000000000000          2604146700017300000000000000000000000000000000000000000007
1022542123500018830940000316741000000                         00000005460301000000DM 00000000000000000000 01060801200026051219                    101219000000000374075630940010801200000250000000000000000000000000000000000000000000000000000000000000000000000000003779000000000003900000000000000000000000000000000000000010000000000000          0000258153466400000000000000000000000000000000000000000008
1022542123500018830940000316741000000                         00000006117001000000DM 00000000000000000000 01061001200029010120                    100120000000000400010400970011001200000250000000000000000000000000000000000000000000000000000000000000000000000000004000000000000000000000000000000000000000000000000000000010000000000000          0002483652468700000000000000000000000000000000000000000009
1022542123500018830940000316741000000                         00000006225001000000DM 00000000000000000000 01060901200017220120                    100120000000000360010400970010901200000250000000000000000000000000000000000000000000000000000000000000000000000000003600000000000000000000000000000000000000000000000000000010000000000000          0000326379860000000000000000000000000000000000000000000010
1022542123500018830940000316741000000                         00000006261601000000DM 00000000000000000000 01061001200030140120                    100120000000000400000113320011001200000250000000000000000000000000000000000000000000000000000000000000000000000000004000000000000000000000000000000000000000000000000000000010000000000000          0000506908968400000000000000000000000000000000000000000011
1022542123500018830940000316741000000                         00000006297001000000DM 00000000000000000000 01061001200004140120                    100120000000000400003334670011001200000250000000000000000000000000000000000000000000000000000000000000000000000000004000000000000000000000000000000000000000000000000000000010000000000000          0000303613564200000000000000000000000000000000000000000012
1022542123500018830940000316741000000                         00000006369601000000DM 00000000000000000000 01061001200026650120                    100120000000000400034109440011001200000250000000000000000000000000000000000000000000000000000000000000000000000000004000000000000000000000000000000000000000000000000000000010000000000000          0000694769266000000000000000000000000000000000000000000013
1022542123500018830940000316741000000                         00000006381501000000DM 00000000000000000000 01060901200028810120                    100120000000000400010400970010901200000250000000000000000000000000000000000000000000000000000000000000000000000000004000000000000000000000000000000000000000000000000000000010000000000000          0002729612165300000000000000000000000000000000000000000014
1022542123500018830940000316741000000                         00000006710001000000DM 00000000000000000000 01061001201000270120                    100120000000002072075630940011001200000250000000000000000000000000000000000000000000000000000000000000000000000000020720000000000000000000000000000000000000000000000000000010000000000000          0534793700015100000000000000000000000000000000000000000015
1022542123500018830940000316741000000                         00000006393301000000DM 00000000000000000000 01061001200030690120                    100120000000000400075630940011001200000250000000000000000000000000000000000000000000000000000000000000000000000000004000000000000000000000000000000000000000000000000000000010000000000000          0006037461660400000000000000000000000000000000000000000016
1022542123500018830940000316741000000                         00000006709101000000DM 00000000000000000000 01061001201000211219                    100120000000000526575642640011001200000250000000000000000000000000000000000000000000000000000000000000000000000000005265000000000000000000000000000000000000000000000000000010000000000000          6522717500018100000000000000000000000000000000000000000017
1022542123500018830940000316741000000                         00000006584001000000DM 00000000000000000000 01060901200023040120                    100120000000000400010400970010901200000250000000000000000000000000000000000000000000000000000000000000000000000000004000000000000000000000000000000000000000000000000000000010000000000000          0004225353567200000000000000000000000000000000000000000018
1022542123500018830940000316741000000                         00000006057201000000DM 00000000000000000000 01060801200005190120                    100120000000000360010400970010801200000250000000000000000000000000000000000000000000000000000000000000000000000000003600000000000000000000000000000000000000000000000000000010000000000000          0007188477760000000000000000000000000000000000000000000019
1022542123500018830940000316741000000                         00000006081001000000DM 00000000000000000000 01060801200011030120                    100120000000000360023716910010801200000250000000000000000000000000000000000000000000000000000000000000000000000000003600000000000000000000000000000000000000000000000000000010000000000000          0008715135969100000000000000000000000000000000000000000020
1022542123500018830940000316741000000                         00000006093801000000DM 00000000000000000000 01060901200016360120                    100120000000000400010400970010901200000250000000000000000000000000000000000000000000000000000000000000000000000000004000000000000000000000000000000000000000000000000000000010000000000000          0004340692069100000000000000000000000000000000000000000021
1022542123500018830940000316741000000                         00000006249701000000DM 00000000000000000000 01060901200028150120                    100120000000000400010400970010901200000250000000000000000000000000000000000000000000000000000000000000000000000000004000000000000000000000000000000000000000000000000000000010000000000000          0001026372666500000000000000000000000000000000000000000022
1022542123500018830940000316741000000                         00000006045401000000DM 00000000000000000000 01060801200024530120                    100120000000000400010400970010801200000250000000000000000000000000000000000000000000000000000000000000000000000000004000000000000000000000000000000000000000000000000000000010000000000000          0003607094764900000000000000000000000000000000000000000023
1022542123500018830940000316741000000                         00000006705201000000DM 00000000000000000000 01061001201000121219                    100120000000000349000102100011001200000250000000000000000000000000000000000000000000000000000000000000000000000000003490000000000000000000000000000000000000000000000000000010000000000000          7097216100012200000000000000000000000000000000000000000024
9027563094SICOOB CREDIARA          R D BOSCO                                         Centro                        38183228Araxá                         MG130120200000002300000000113                                                                                                                                                                                                                    000025
