02RETORNO01COBRANÇA       30940000327964316741J REZENDE                     756 - BANCOOB S/A 0201200000372                                                                                                                                                                                                                                                                                               000001
1022542123500018830940000316741000000                         00000004871201000000DM 00000000000000000000 01062712190005931219                    101219000000000324010400970012712190000250000000000000000000000000000000000000000000000000000000000000000000000000003261000000000002100000000000000000000000000000000000000010000000000000          0003023575860400000000000000000000000000000000000000000002
9027563094SICOOB CREDIARA          R D BOSCO                                         Centro                        38183228Araxá                         MG020120200000000100000000113                                                                                                                                                                                                                    000003
