02RETORNO01COBRANÇA       30940000327964316741J REZENDE                     756 - BANCOOB S/A 2101200000377                                                                                                                                                                                                                                                                                               000001
1022542123500018830940000316741000000                         00000006707701000000DM 00000000000000000000 01062001201000111219                    100120000000000349023716910012001200000250000000000000000000000000000000000000000000000000000000000000000000000000003493000000000000300000000000000000000000000000000000000010000000000000          3874637600038400000000000000000000000000000000000000000002
1022542123500018830940000316741000000                         00000004799601000000DM 00000000000000000000 01062001200004371219                    101219000000000324010400970012001200000250000000000000000000000000000000000000000000000000000000000000000000000000003288000000000004800000000000000000000000000000000000000010000000000000          0001313854565300000000000000000000000000000000000000000003
1022542123500018830940000316741000000                         00000004798901000000DM 00000000000000000000 01062001200004371119                    101119000000000324010400970012001200000250000000000000000000000000000000000000000000000000000000000000000000000000003321000000000008100000000000000000000000000000000000000010000000000000          0001313854565300000000000000000000000000000000000000000004
1022542123500018830940000316741000000                         00000005395901000000DM 00000000000000000000 01091701200024540719                    200719000000000374075630940011701200000100000000000000000000000000000000000000000000000000000000000000000000000000003740000000000000000000000000000000000000000000000000000010000000000000          0000847276465600000000000000000000000000000000000000000005
1022542123500018830940000316741000000                         00000004797101000000DM 00000000000000000000 01062001200004371019                    101019000000000324010400970012001200000250000000000000000000000000000000000000000000000000000000000000000000000000003355000000000011500000000000000000000000000000000000000010000000000000          0001313854565300000000000000000000000000000000000000000006
9027563094SICOOB CREDIARA          R D BOSCO                                         Centro                        38183228Araxá                         MG210120200000000500000000113                                                                                                                                                                                                                    000007
