02RETORNO01COBRANÇA       30940000327964316741J REZENDE                     756 - BANCOOB S/A 0201200000373                                                                                                                                                                                                                                                                                               000001
1022542123500018830940000316741000000                         00000005997401000000DM 00000000000000000000 01063012190026740120                    100120000000000400023716910013012190000250000000000000000000000000000000000000000000000000000000000000000000000000004000000000000000000000000000000000000000000000000000000010000000000000          0000954360460600000000000000000000000000000000000000000002
1022542123500018830940000316741000000                         00000006632001000000DM 00000000000000000000 01063012190002360120                    100120000000000400010400970013012190000250000000000000000000000000000000000000000000000000000000000000000000000000004000000000000000000000000000000000000000000000000000000010000000000000          0000569370264200000000000000000000000000000000000000000003
1022542123500018830940000316741000000                         00000005949001000000DM 00000000000000000000 01063012190028160120                    100120000000000400010400970013012190000250000000000000000000000000000000000000000000000000000000000000000000000000004000000000000000000000000000000000000000000000000000000010000000000000          0008257197068200000000000000000000000000000000000000000004
9027563094SICOOB CREDIARA          R D BOSCO                                         Centro                        38183228Araxá                         MG020120200000000300000000113                                                                                                                                                                                                                    000005
