02RETORNO01COBRANÇA       30940000327964316741J REZENDE                     756 - BANCOOB S/A 2807210000481                                                                                                                                                                                                                                                                                               000001
1022542123500018830940000316741000000                         00000007258201000000DM 00000000000000000000 01062506210013890621                    280621000000000380010400970012506210000250000000000000000000000000000000000000000000000000000000000000000000000000003800000000000000000000000000000000000000000000000000000010000000000000          0000690262868800000000000000000000000000000000000000000002
1022542123500018830940000316741000000                         00000007234601000000DM 00000000000000000000 01062406210022690621                    100621000000000400010400970012406210000250000000000000000000000000000000000000000000000000000000000000000000000000004004000000000000400000000000000000000000000000000000000010000000000000          0006307307269100000000000000000000000000000000000000000003
9027563094SICOOB CREDIARA          R D BOSCO                                         Centro                        38183228Araxá                         MG280720210000000200000000113                                                                                                                                                                                                                    000004
