02RETORNO01COBRANÇA       30940000327964316741J REZENDE                     756 - BANCOOB S/A 2807210000483                                                                                                                                                                                                                                                                                               000001
1022542123500018830940000316741000000                         00000007007301000000DM 00000000000000000000 01060507210016360721                    100721000000000400010400970010507210000250000000000000000000000000000000000000000000000000000000000000000000000000004000000000000000000000000000000000000000000000000000000010000000000000          0004340692069100000000000000000000000000000000000000000002
1022542123500018830940000316741000000                         00000007558801000000DM 00000000000000000000 01060507211000250621                    100721000000000895010400970010507210000250000000000000000000000000000000000000000000000000000000000000000000000000008950000000000000000000000000000000000000000000000000000010000000000000          2604146700017300000000000000000000000000000000000000000003
1022542123500018830940000316741000000                         00000006863101000000DM 00000000000000000000 01060207210014580721                    100721000000000380010400970010207210000250000000000000000000000000000000000000000000000000000000000000000000000000003800000000000000000000000000000000000000000000000000000010000000000000          0002361630010000000000000000000000000000000000000000000004
1022542123500018830940000316741000000                         00000007477601000000DM 00000000000000000000 01060107210028820721                    100721000000000400010400970010107210000250000000000000000000000000000000000000000000000000000000000000000000000000004000000000000000000000000000000000000000000000000000000010000000000000          0008182941865300000000000000000000000000000000000000000005
9027563094SICOOB CREDIARA          R D BOSCO                                         Centro                        38183228Araxá                         MG280720210000000400000000113                                                                                                                                                                                                                    000006
