02RETORNO01COBRANÇA       30940000327964316741J REZENDE                     756 - BANCOOB S/A 2807210000486                                                                                                                                                                                                                                                                                               000001
1022542123500018830940000316741000000                         00000006972001000000DM 00000000000000000000 01062707210017950821                    100821000000000380010400970012707210000250000000000000000000000000000000000000000000000000000000000000000000000000003800000000000000000000000000000000000000000000000000000010000000000000          0000027258068600000000000000000000000000000000000000000002
1022542123500018830940000316741000000                         00000007152701000000DM 00000000000000000000 01062707210002360821                    100821000000000400010400970012707210000250000000000000000000000000000000000000000000000000000000000000000000000000004000000000000000000000000000000000000000000000000000000010000000000000          0000569370264200000000000000000000000000000000000000000003
9027563094SICOOB CREDIARA          R D BOSCO                                         Centro                        38183228Araxá                         MG280720210000000200000000113                                                                                                                                                                                                                    000004
