02RETORNO01COBRANÇA       30940000327964316741J REZENDE                     756 - BANCOOB S/A 2807210000485                                                                                                                                                                                                                                                                                               000001
1022542123500018830940000316741000000                         00000007449001000000DM 00000000000000000000 01061307210030850621                    100621000000000400010400970011307210000250000000000000000000000000000000000000000000000000000000000000000000000000004004000000000000400000000000000000000000000000000000000010000000000000          0000408716762300000000000000000000000000000000000000000002
1022542123500018830940000316741000000                         00000007450801000000DM 00000000000000000000 01061307210030850721                    100721000000000400010400970011307210000250000000000000000000000000000000000000000000000000000000000000000000000000004004000000000000400000000000000000000000000000000000000010000000000000          0000408716762300000000000000000000000000000000000000000003
1022542123500018830940000316741000000                         00000007355201000000DM 00000000000000000000 01061207210000410721                    100721000000000380010400970011207210000250000000000000000000000000000000000000000000000000000000000000000000000000003800000000000000000000000000000000000000000000000000000010000000000000          0000565324365500000000000000000000000000000000000000000004
1022542123500018830940000316741000000                         00000007078601000000DM 00000000000000000000 01061207210027000621                    100621000000000400010400970011207210000250000000000000000000000000000000000000000000000000000000000000000000000000004004000000000000400000000000000000000000000000000000000010000000000000          0000487456467400000000000000000000000000000000000000000005
1022542123500018830940000316741000000                         00000007427801000000DM 00000000000000000000 01061207210005350721                    100721000000000380010400970011207210000250000000000000000000000000000000000000000000000000000000000000000000000000003800000000000000000000000000000000000000000000000000000010000000000000          0000659773163800000000000000000000000000000000000000000006
1022542123500018830940000316741000000                         00000007139001000000DM 00000000000000000000 01061207210023040721                    100721000000000400010400970011207210000250000000000000000000000000000000000000000000000000000000000000000000000000004000000000000000000000000000000000000000000000000000000010000000000000          0004225353567200000000000000000000000000000000000000000007
1022542123500018830940000316741000000                         00000006947501000000DM 00000000000000000000 01061207210014950721                    100721000000000380010400970011207210000250000000000000000000000000000000000000000000000000000000000000000000000000003800000000000000000000000000000000000000000000000000000010000000000000          0000136752462800000000000000000000000000000000000000000008
1022542123500018830940000316741000000                         00000007076101000000DM 00000000000000000000 01061207210027000421                    100421000000000400010400970011207210000250000000000000000000000000000000000000000000000000000000000000000000000000004004000000000000400000000000000000000000000000000000000010000000000000          0000487456467400000000000000000000000000000000000000000009
1022542123500018830940000316741000000                         00000007553101000000DM 00000000000000000000 01061207211000070621                    100721000000000380000142020011207210000250000000000000000000000000000000000000000000000000000000000000000000000000003800000000000000000000000000000000000000000000000000000010000000000000          7097303700069600000000000000000000000000000000000000000010
1022542123500018830940000316741000000                         00000007557001000000DM 00000000000000000000 01061207211000280721                    100721000000001577013657310011207210000250000000000000000000000000000000000000000000000000000000000000000000000000015770000000000000000000000000000000000000000000000000000010000000000000          0581273600018800000000000000000000000000000000000000000011
1022542123500018830940000316741000000                         00000007555601000000DM 00000000000000000000 01061207211000150621                    100721000000000380000142020011207210000250000000000000000000000000000000000000000000000000000000000000000000000000003800000000000000000000000000000000000000000000000000000010000000000000          7097303700093900000000000000000000000000000000000000000012
1022542123500018830940000316741000000                         00000007554901000000DM 00000000000000000000 01061207211000100621                    100721000000000760000142020011207210000250000000000000000000000000000000000000000000000000000000000000000000000000007600000000000000000000000000000000000000000000000000000010000000000000          7097303700034300000000000000000000000000000000000000000013
1022542123500018830940000316741000000                         00000007115401000000DM 00000000000000000000 01061207210011030721                    100721000000000380063300010011207210000250000000000000000000000000000000000000000000000000000000000000000000000000003800000000000000000000000000000000000000000000000000000010000000000000          0008715135969100000000000000000000000000000000000000000014
1022542123500018830940000316741000000                         00000006917401000000DM 00000000000000000000 01091207210004530121                    100121000000000400075630940011207210000100000000000000000000000000000000000000000000000000000000000000000000000000004000000000000000000000000000000000000000000000000000000010000000000000          0000786278560600000000000000000000000000000000000000000015
1022542123500018830940000316741000000                         00000007073001000000DM 00000000000000000000 01091207210027000121                    100121000000000400075630940011207210000100000000000000000000000000000000000000000000000000000000000000000000000000004000000000000000000000000000000000000000000000000000000010000000000000          0000487456467400000000000000000000000000000000000000000016
1022542123500018830940000316741000000                         00000007085801000000DM 00000000000000000000 01091207210022820121                    100121000000000380075630940011207210000100000000000000000000000000000000000000000000000000000000000000000000000000003800000000000000000000000000000000000000000000000000000010000000000000          0007188059365300000000000000000000000000000000000000000017
1022542123500018830940000316741000000                         00000007121901000000DM 00000000000000000000 01091207210004270121                    100121000000000380075630940011207210000100000000000000000000000000000000000000000000000000000000000000000000000000003800000000000000000000000000000000000000000000000000000010000000000000          0000329979965700000000000000000000000000000000000000000018
1022542123500018830940000316741000000                         00000007193901000000DM 00000000000000000000 01091207210008690121                    100121000000000380075630940011207210000100000000000000000000000000000000000000000000000000000000000000000000000000003800000000000000000000000000000000000000000000000000000010000000000000          0000027442861000000000000000000000000000000000000000000019
1022542123500018830940000316741000000                         00000007217001000000DM 00000000000000000000 01091207210029630121                    100121000000000400075630940011207210000100000000000000000000000000000000000000000000000000000000000000000000000000004000000000000000000000000000000000000000000000000000000010000000000000          0000559499965500000000000000000000000000000000000000000020
1022542123500018830940000316741000000                         00000007241801000000DM 00000000000000000000 01091207210005450121                    100121000000000380075630940011207210000100000000000000000000000000000000000000000000000000000000000000000000000000003800000000000000000000000000000000000000000000000000000010000000000000          0003013578866800000000000000000000000000000000000000000021
1022542123500018830940000316741000000                         00000007277201000000DM 00000000000000000000 01091207210010210121                    100121000000000380075630940011207210000100000000000000000000000000000000000000000000000000000000000000000000000000003800000000000000000000000000000000000000000000000000000010000000000000          0007187518269100000000000000000000000000000000000000000022
1022542123500018830940000316741000000                         00000007313301000000DM 00000000000000000000 01091207210010920121                    100121000000000380075630940011207210000100000000000000000000000000000000000000000000000000000000000000000000000000003800000000000000000000000000000000000000000000000000000010000000000000          0007570230469100000000000000000000000000000000000000000023
1022542123500018830940000316741000000                         00000007409501000000DM 00000000000000000000 01091207210028810121                    100121000000000400075630940011207210000100000000000000000000000000000000000000000000000000000000000000000000000000004000000000000000000000000000000000000000000000000000000010000000000000          0002729612165300000000000000000000000000000000000000000024
1022542123500018830940000316741000000                         00000007444301000000DM 00000000000000000000 01091207210030850121                    100121000000000400075630940011207210000100000000000000000000000000000000000000000000000000000000000000000000000000004000000000000000000000000000000000000000000000000000000010000000000000          0000408716762300000000000000000000000000000000000000000025
1022542123500018830940000316741000000                         00000007212401000000DM 00000000000000000000 01061207210010140821                    100821000000000400010400970011207210000250000000000000000000000000000000000000000000000000000000000000000000000000004000000000000000000000000000000000000000000000000000000010000000000000          0005764752663400000000000000000000000000000000000000000026
9027563094SICOOB CREDIARA          R D BOSCO                                         Centro                        38183228Araxá                         MG280720210000002500000000113                                                                                                                                                                                                                    000027
