02RETORNO01COBRANÇA       30940000327964316741J REZENDE                     756 - BANCOOB S/A 2807210000484                                                                                                                                                                                                                                                                                               000001
1022542123500018830940000316741000000                         00000007332301000000DM 00000000000000000000 01060907210001140821                    100821000000000380010400970010907210000250000000000000000000000000000000000000000000000000000000000000000000000000003800000000000000000000000000000000000000000000000000000010000000000000          0004897155363400000000000000000000000000000000000000000002
1022542123500018830940000316741000000                         00000007067501000000DM 00000000000000000000 01060907210030690721                    100721000000000400075630940010907210000250000000000000000000000000000000000000000000000000000000000000000000000000004000000000000000000000000000000000000000000000000000000010000000000000          0006037461660400000000000000000000000000000000000000000003
1022542123500018830940000316741000000                         00000007043901000000DM 00000000000000000000 01060907210004140721                    100721000000000400003334670010907210000250000000000000000000000000000000000000000000000000000000000000000000000000004000000000000000000000000000000000000000000000000000000010000000000000          0000303613564200000000000000000000000000000000000000000004
1022542123500018830940000316741000000                         00000007019101000000DM 00000000000000000000 01060907210024530721                    100721000000000400010400970010907210000250000000000000000000000000000000000000000000000000000000000000000000000000004000000000000000000000000000000000000000000000000000000010000000000000          0003607094764900000000000000000000000000000000000000000005
1022542123500018830940000316741000000                         00000007307901000000DM 00000000000000000000 01060907210029010721                    100721000000000400010400970010907210000250000000000000000000000000000000000000000000000000000000000000000000000000004000000000000000000000000000000000000000000000000000000010000000000000          0002483652468700000000000000000000000000000000000000000006
1022542123500018830940000316741000000                         00000007031001000000DM 00000000000000000000 01060907210009010721                    100721000000000380010400970010907210000250000000000000000000000000000000000000000000000000000000000000000000000000003800000000000000000000000000000000000000000000000000000010000000000000          0009470166060400000000000000000000000000000000000000000007
1022542123500018830940000316741000000                         00000006911001000000DM 00000000000000000000 01060907210005190721                    100721000000000380010400970010907210000250000000000000000000000000000000000000000000000000000000000000000000000000003800000000000000000000000000000000000000000000000000000010000000000000          0007188477760000000000000000000000000000000000000000000008
1022542123500018830940000316741000000                         00000006959301000000DM 00000000000000000000 01060807210025270721                    100721000000000400010400970010807210000250000000000000000000000000000000000000000000000000000000000000000000000000004000000000000000000000000000000000000000000000000000000010000000000000          0000677178867900000000000000000000000000000000000000000009
1022542123500018830940000316741000000                         00000007055701000000DM 00000000000000000000 01060807210014700721                    100721000000000380010400970010807210000250000000000000000000000000000000000000000000000000000000000000000000000000003800000000000000000000000000000000000000000000000000000010000000000000          0008318973461500000000000000000000000000000000000000000010
1022542123500018830940000316741000000                         00000007343401000000DM 00000000000000000000 01060807210028150721                    100721000000000400010400970010807210000250000000000000000000000000000000000000000000000000000000000000000000000000004000000000000000000000000000000000000000000000000000000010000000000000          0001026372666500000000000000000000000000000000000000000011
1022542123500018830940000316741000000                         00000007403101000000DM 00000000000000000000 01060807210005930721                    100721000000000380010400970010807210000250000000000000000000000000000000000000000000000000000000000000000000000000003800000000000000000000000000000000000000000000000000000010000000000000          0003023575860400000000000000000000000000000000000000000012
1022542123500018830940000316741000000                         00000007379901000000DM 00000000000000000000 01060807210028160721                    100721000000000400010400970010807210000250000000000000000000000000000000000000000000000000000000000000000000000000004000000000000000000000000000000000000000000000000000000010000000000000          0008257197068200000000000000000000000000000000000000000013
1022542123500018830940000316741000000                         00000007295501000000DM 00000000000000000000 01060707210006480721                    100721000000000400010400970010707210000250000000000000000000000000000000000000000000000000000000000000000000000000004000000000000000000000000000000000000000000000000000000010000000000000          0001612677762000000000000000000000000000000000000000000014
1022542123500018830940000316741000000                         00000006983001000000DM 00000000000000000000 01060607210010200721                    100721000000000400010400970010607210000250000000000000000000000000000000000000000000000000000000000000000000000000004000000000000000000000000000000000000000000000000000000010000000000000          0003616071763400000000000000000000000000000000000000000015
1022542123500018830940000316741000000                         00000006971201000000DM 00000000000000000000 01060607210017950721                    100721000000000380010400970010607210000250000000000000000000000000000000000000000000000000000000000000000000000000003800000000000000000000000000000000000000000000000000000010000000000000          0000027258068600000000000000000000000000000000000000000016
9027563094SICOOB CREDIARA          R D BOSCO                                         Centro                        38183228Araxá                         MG280720210000001500000000113                                                                                                                                                                                                                    000017
