02RETORNO01COBRANÇA       30940000327964316741J REZENDE                     756 - BANCOOB S/A 2807210000482                                                                                                                                                                                                                                                                                               000001
1022542123500018830940000316741000000                         00000006875001000000DM 00000000000000000000 01063006210026740721                    100721000000000400010400970013006210000250000000000000000000000000000000000000000000000000000000000000000000000000004000000000000000000000000000000000000000000000000000000010000000000000          0000954360460600000000000000000000000000000000000000000002
1022542123500018830940000316741000000                         00000006899601000000DM 00000000000000000000 01063006210011610721                    100721000000000380010400970013006210000250000000000000000000000000000000000000000000000000000000000000000000000000003800000000000000000000000000000000000000000000000000000010000000000000          0004342743060000000000000000000000000000000000000000000003
1022542123500018830940000316741000000                         00000007151001000000DM 00000000000000000000 01062806210002360721                    100721000000000400010400970012806210000250000000000000000000000000000000000000000000000000000000000000000000000000004000000000000000000000000000000000000000000000000000000010000000000000          0000569370264200000000000000000000000000000000000000000004
1022542123500018830940000316741000000                         00000007246401000000DM 00000000000000000000 01062806210005450621                    100621000000000380010400970012806210000250000000000000000000000000000000000000000000000000000000000000000000000000003803000000000000300000000000000000000000000000000000000010000000000000          0003013578866800000000000000000000000000000000000000000005
9027563094SICOOB CREDIARA          R D BOSCO                                         Centro                        38183228Araxá                         MG280720210000000400000000113                                                                                                                                                                                                                    000006
