02RETORNO01COBRANÇA       30940000327964316741J REZENDE - ME                756 - BANCOOB S/A 0803180000207                                                                                                                                                                                                                                                                                               000001
1022542123500018830940000316741000000                         00000004096101000000DM 00000000000000000000 01060703180014950318                    100318000000000324034109440010703180000250000000000000000000000000000000000000000000000000000000000000000000000000003240000000000000000000000000000000000000000000000000000010000000000000          0000136752462800000000000000000000000000000000000000000002
1022542123500018830940000316741000000                         00000002864201000000DM 00000000000000000000 01060603180004220318                    100318000000000324010400970010603180000250000000000000000000000000000000000000000000000000000000000000000000000000003240000000000000000000000000000000000000000000000000000010000000000000          0007415855469100000000000000000000000000000000000000000003
1022542123500018830940000316741000000                         00000003048901000000DM 00000000000000000000 01060703180008410318                    100318000000000324010400970010703180000250000000000000000000000000000000000000000000000000000000000000000000000000003240000000000000000000000000000000000000000000000000000010000000000000          0004459589168700000000000000000000000000000000000000000004
1022542123500018830940000316741000000                         00000003360301000000DM 00000000000000000000 01060703180024530318                    100318000000000374010400970010703180000250000000000000000000000000000000000000000000000000000000000000000000000000003740000000000000000000000000000000000000000000000000000010000000000000          0003607094764900000000000000000000000000000000000000000005
1022542123500018830940000316741000000                         00000003647201000000DM 00000000000000000000 01060703180028810318                    100318000000000374034199260010703180000250000000000000000000000000000000000000000000000000000000000000000000000000003740000000000000000000000000000000000000000000000000000010000000000000          0002729612165300000000000000000000000000000000000000000006
1022542123500018830940000316741000000                         00000003671001000000DM 00000000000000000000 01060703180028890318                    100318000000000374075630940010703180000250000000000000000000000000000000000000000000000000000000000000000000000000003740000000000000000000000000000000000000000000000000000010000000000000          0000564891363000000000000000000000000000000000000000000007
1022542123500018830940000316741000000                         00000003468301000000DM 00000000000000000000 01060703180016360318                    100318000000000374010400970010703180000250000000000000000000000000000000000000000000000000000000000000000000000000003740000000000000000000000000000000000000000000000000000010000000000000          0004340692069100000000000000000000000000000000000000000008
1022542123500018830940000316741000000                         00000003516201000000DM 00000000000000000000 01060503180017750318                    100318000000000324010400970010503180000250000000000000000000000000000000000000000000000000000000000000000000000000003240000000000000000000000000000000000000000000000000000010000000000000          0002729843469100000000000000000000000000000000000000000009
1022542123500018830940000316741000000                         00000003587501000000DM 00000000000000000000 01060503180023390318                    100318000000000374010400970010503180000250000000000000000000000000000000000000000000000000000000000000000000000000003740000000000000000000000000000000000000000000000000000010000000000000          0003615945069700000000000000000000000000000000000000000010
1022542123500018830940000316741000000                         00000002756101000000DM 00000000000000000000 01060703180000410318                    100318000000000324034199260010703180000250000000000000000000000000000000000000000000000000000000000000000000000000003240000000000000000000000000000000000000000000000000000010000000000000          0000565324365500000000000000000000000000000000000000000011
1022542123500018830940000316741000000                         00000004084301000000DM 00000000000000000000 01060703180014700318                    100318000000000324010400970010703180000250000000000000000000000000000000000000000000000000000000000000000000000000003240000000000000000000000000000000000000000000000000000010000000000000          0008318973461500000000000000000000000000000000000000000012
1022542123500018830940000316741000000                         00000003120501000000DM 00000000000000000000 01060703180005190318                    100318000000000324010400970010703180000250000000000000000000000000000000000000000000000000000000000000000000000000003240000000000000000000000000000000000000000000000000000010000000000000          0007188477760000000000000000000000000000000000000000000013
1022542123500018830940000316741000000                         00000003288701000000DM 00000000000000000000 01060603180012280318                    100318000000000374075630940010603180000250000000000000000000000000000000000000000000000000000000000000000000000000003740000000000000000000000000000000000000000000000000000010000000000000          0000488266564600000000000000000000000000000000000000000014
1022542123500018830940000316741000000                         00000002792701000000DM 00000000000000000000 01060703180002470318                    100318000000000324010400970010703180000250000000000000000000000000000000000000000000000000000000000000000000000000003240000000000000000000000000000000000000000000000000000010000000000000          0000356167569700000000000000000000000000000000000000000015
1022542123500018830940000316741000000                         00000003755301000000DM 00000000000000000000 01060703180029700318                    100318000000000374010400970010703180000250000000000000000000000000000000000000000000000000000000000000000000000000003740000000000000000000000000000000000000000000000000000010000000000000          0000214486281800000000000000000000000000000000000000000016
1022542123500018830940000316741000000                         00000003868001000000DM 00000000000000000000 01060503180025270318                    100318000000000374010400970010503180000250000000000000000000000000000000000000000000000000000000000000000000000000003740000000000000000000000000000000000000000000000000000010000000000000          0000677178867900000000000000000000000000000000000000000017
1022542123500018830940000316741000000                         00000003492001000000DM 00000000000000000000 01060603180017220318                    100318000000000324010400970010603180000250000000000000000000000000000000000000000000000000000000000000000000000000003240000000000000000000000000000000000000000000000000000010000000000000          0000326379860000000000000000000000000000000000000000000018
1022542123500018830940000316741000000                         00000004060701000000DM 00000000000000000000 01060603180014480318                    100318000000000324010400970010603180000250000000000000000000000000000000000000000000000000000000000000000000000000003240000000000000000000000000000000000000000000000000000010000000000000          0005227926069700000000000000000000000000000000000000000019
1022542123500018830940000316741000000                         00000004072501000000DM 00000000000000000000 01060503180014580318                    100318000000000324010400970010503180000250000000000000000000000000000000000000000000000000000000000000000000000000003240000000000000000000000000000000000000000000000000000010000000000000          0002361630010000000000000000000000000000000000000000000020
1022542123500018830940000316741000000                         00000003276901000000DM 00000000000000000000 01060703180012200318                    100318000000000324010400970010703180000250000000000000000000000000000000000000000000000000000000000000000000000000003240000000000000000000000000000000000000000000000000000010000000000000          0005183755876000000000000000000000000000000000000000000021
1022542123500018830940000316741000000                         00000003695601000000DM 00000000000000000000 01060603180029010318                    100318000000000374010400970010603180000250000000000000000000000000000000000000000000000000000000000000000000000000003740000000000000000000000000000000000000000000000000000010000000000000          0002483652468700000000000000000000000000000000000000000022
1022542123500018830940000316741000000                         00000003976101000000DM 00000000000000000000 01060503180026740318                    100318000000000374023716910010503180000250000000000000000000000000000000000000000000000000000000000000000000000000003740000000000000000000000000000000000000000000000000000010000000000000          0000954360460600000000000000000000000000000000000000000023
1022542123500018830940000316741000000                         00000004120401000000DM 00000000000000000000 01060703180004270318                    100318000000000324010400970010703180000250000000000000000000000000000000000000000000000000000000000000000000000000003240000000000000000000000000000000000000000000000000000010000000000000          0000329979965700000000000000000000000000000000000000000024
9027563094SICOOB CREDIARA          RUA MARIA RITA DE AGUIAR                          CENTRO                        38183236ARAXÁ                         MG080320180000002300000000113                                                                                                                                                                                                                    000025
