02RETORNO01COBRANÇA       30940000327964316741J REZENDE - ME                756 - BANCOOB S/A 0803180000206                                                                                                                                                                                                                                                                                               000001
1022542123500018830940000316741000000                         00000004000501000000DM 00000000000000000000 01060203180026860318                    100318000000000374034199260010203180000250000000000000000000000000000000000000000000000000000000000000000000000000003740000000000000000000000000000000000000000000000000000010000000000000          0003407094060000000000000000000000000000000000000000000002
1022542123500018830940000316741000000                         00000003880001000000DM 00000000000000000000 01060203180025190318                    100318000000000374010407080010203180000250000000000000000000000000000000000000000000000000000000000000000000000000003740000000000000000000000000000000000000000000000000000010000000000000          0008540006863400000000000000000000000000000000000000000003
1022542123500018830940000316741000000                         00000004048801000000DM 00000000000000000000 01060103180014430318                    100318000000000324010400970010103180000250000000000000000000000000000000000000000000000000000000000000000000000000003240000000000000000000000000000000000000000000000000000010000000000000          0000696140365400000000000000000000000000000000000000000004
1022542123500018830940000316741000000                         00000003928801000000DM 00000000000000000000 01060203180026050318                    100318000000000374010400970010203180000250000000000000000000000000000000000000000000000000000000000000000000000000003740000000000000000000000000000000000000000000000000000010000000000000          0000258153466400000000000000000000000000000000000000000005
1022542123500018830940000316741000000                         00000004024101000000DM 00000000000000000000 01060103180027130318                    100318000000000374010400970010103180000250000000000000000000000000000000000000000000000000000000000000000000000000003740000000000000000000000000000000000000000000000000000010000000000000          0009652261564900000000000000000000000000000000000000000006
1022542123500018830940000316741000000                         00000003432901000000DM 00000000000000000000 01062802180015740318                    100318000000000324010400970012802180000250000000000000000000000000000000000000000000000000000000000000000000000000003240000000000000000000000000000000000000000000000000000010000000000000          0004684573966800000000000000000000000000000000000000000007
1022542123500018830940000316741000000                         00000003228501000000DM 00000000000000000000 01060203180010210318                    100318000000000324010400970010203180000250000000000000000000000000000000000000000000000000000000000000000000000000003240000000000000000000000000000000000000000000000000000010000000000000          0007187518269100000000000000000000000000000000000000000008
9027563094SICOOB CREDIARA          RUA MARIA RITA DE AGUIAR                          CENTRO                        38183236ARAXÁ                         MG080320180000000700000000113                                                                                                                                                                                                                    000009
