02RETORNO01COBRANÇA       30940000327964316741J REZENDE - ME                756 - BANCOOB S/A 1303180000210                                                                                                                                                                                                                                                                                               000001
1022542123500018830940000316741000000                         00000001793501000000DM 00000000000000000000 01091203180030180917                    100917000000000349075630940011203180000000000000000000000000000000000000000000000000000000000000000000000000000000003490000000000000000000000000000000000000000000000000000010000000000000          0000706059360800000000000000000000000000000000000000000002
1022542123500018830940000316741000000                         00000002300201000000DM 00000000000000000000 01091203180015250917                    100917000000000294075630940011203180000000000000000000000000000000000000000000000000000000000000000000000000000000002940000000000000000000000000000000000000000000000000000010000000000000          0000129208361100000000000000000000000000000000000000000003
1022542123500018830940000316741000000                         00000000953501000000DM 00000000000000000000 01091203180013890917                    100917000000000294075630940011203180000000000000000000000000000000000000000000000000000000000000000000000000000000002940000000000000000000000000000000000000000000000000000010000000000000          0000690262868800000000000000000000000000000000000000000004
1022542123500018830940000316741000000                         00000001013301000000DM 00000000000000000000 01091203180024730917                    100917000000000349075630940011203180000000000000000000000000000000000000000000000000000000000000000000000000000000003490000000000000000000000000000000000000000000000000000010000000000000          0001603579869100000000000000000000000000000000000000000005
1022542123500018830940000316741000000                         00000001517101000000DM 00000000000000000000 01091203180028310917                    100917000000000349075630940011203180000000000000000000000000000000000000000000000000000000000000000000000000000000003490000000000000000000000000000000000000000000000000000010000000000000          0000512998361000000000000000000000000000000000000000000006
1022542123500018830940000316741000000                         00000001529001000000DM 00000000000000000000 01091203180028530917                    100917000000000349075630940011203180000000000000000000000000000000000000000000000000000000000000000000000000000000003490000000000000000000000000000000000000000000000000000010000000000000          0007188229465300000000000000000000000000000000000000000007
1022542123500018830940000316741000000                         00000000459001000000DM 00000000000000000000 01091203180007350917                    100917000000000294075630940011203180000000000000000000000000000000000000000000000000000000000000000000000000000000002940000000000000000000000000000000000000000000000000000010000000000000          0001043534261400000000000000000000000000000000000000000008
1022542123500018830940000316741000000                         00000002400401000000DM 00000000000000000000 01091203180009990917                    100917000000000294075630940011203180000000000000000000000000000000000000000000000000000000000000000000000000000000002940000000000000000000000000000000000000000000000000000010000000000000          0007875360064900000000000000000000000000000000000000000009
1022542123500018830940000316741000000                         00000001673601000000DM 00000000000000000000 01091203180029630917                    100917000000000349075630940011203180000000000000000000000000000000000000000000000000000000000000000000000000000000003490000000000000000000000000000000000000000000000000000010000000000000          0000559499965500000000000000000000000000000000000000000010
1022542123500018830940000316741000000                         00000001312101000000DM 00000000000000000000 01091203180030210817                    100917000000000319075630940011203180000000000000000000000000000000000000000000000000000000000000000000000000000000003190000000000000000000000000000000000000000000000000000010000000000000          0000821220462600000000000000000000000000000000000000000011
1022542123500018830940000316741000000                         00000001001501000000DM 00000000000000000000 01091203180024540917                    100917000000000349075630940011203180000000000000000000000000000000000000000000000000000000000000000000000000000000003490000000000000000000000000000000000000000000000000000010000000000000          0000847276465600000000000000000000000000000000000000000012
1022542123500018830940000316741000000                         00000002036101000000DM 00000000000000000000 01091203180025960917                    100917000000000349075630940011203180000000000000000000000000000000000000000000000000000000000000000000000000000000003490000000000000000000000000000000000000000000000000000010000000000000          0009277829168700000000000000000000000000000000000000000013
1022542123500018830940000316741000000                         00000000218401000000DM 00000000000000000000 01091203180003180917                    100917000000000294075630940011203180000000000000000000000000000000000000000000000000000000000000000000000000000000002940000000000000000000000000000000000000000000000000000010000000000000          0000949559261500000000000000000000000000000000000000000014
1022542123500018830940000316741000000                         00000000230301000000DM 00000000000000000000 01091203180003210917                    100917000000000294075630940011203180000000000000000000000000000000000000000000000000000000000000000000000000000000002940000000000000000000000000000000000000000000000000000010000000000000          0001995483265300000000000000000000000000000000000000000015
1022542123500018830940000316741000000                         00000000941701000000DM 00000000000000000000 01091203180013510917                    100917000000000294075630940011203180000000000000000000000000000000000000000000000000000000000000000000000000000000002940000000000000000000000000000000000000000000000000000010000000000000          0009006468266800000000000000000000000000000000000000000016
1022542123500018830940000316741000000                         00000000881001000000DM 00000000000000000000 01091203180012100917                    100917000000000294075630940011203180000000000000000000000000000000000000000000000000000000000000000000000000000000002940000000000000000000000000000000000000000000000000000010000000000000          0007188717265300000000000000000000000000000000000000000017
1022542123500018830940000316741000000                         00000001769801000000DM 00000000000000000000 01091203180030110917                    100917000000000349075630940011203180000000000000000000000000000000000000000000000000000000000000000000000000000000003490000000000000000000000000000000000000000000000000000010000000000000          0001104048469700000000000000000000000000000000000000000018
1022542123500018830940000316741000000                         00000002156001000000DM 00000000000000000000 01091203180026890917                    100917000000000349075630940011203180000000000000000000000000000000000000000000000000000000000000000000000000000000003490000000000000000000000000000000000000000000000000000010000000000000          0000027534863600000000000000000000000000000000000000000019
1022542123500018830940000316741000000                         00000002388001000000DM 00000000000000000000 01091203180002360917                    100917000000000349075630940011203180000000000000000000000000000000000000000000000000000000000000000000000000000000003490000000000000000000000000000000000000000000000000000010000000000000          0000569370264200000000000000000000000000000000000000000020
1022542123500018830940000316741000000                         00000001073501000000DM 00000000000000000000 01091203180015680917                    100917000000000294075630940011203180000000000000000000000000000000000000000000000000000000000000000000000000000000002940000000000000000000000000000000000000000000000000000010000000000000          0009028457763400000000000000000000000000000000000000000021
1022542123500018830940000316741000000                         00000001577301000000DM 00000000000000000000 01091203180028940917                    100917000000000349075630940011203180000000000000000000000000000000000000000000000000000000000000000000000000000000003490000000000000000000000000000000000000000000000000000010000000000000          0007004592561500000000000000000000000000000000000000000022
1022542123500018830940000316741000000                         00000001649901000000DM 00000000000000000000 01091203180029260917                    100917000000000349075630940011203180000000000000000000000000000000000000000000000000000000000000000000000000000000003490000000000000000000000000000000000000000000000000000010000000000000          0001299792766800000000000000000000000000000000000000000023
1022542123500018830940000316741000000                         00000001661801000000DM 00000000000000000000 01091203180029300917                    100917000000000349075630940011203180000000000000000000000000000000000000000000000000000000000000000000000000000000003490000000000000000000000000000000000000000000000000000010000000000000          0000809615061800000000000000000000000000000000000000000024
1022542123500018830940000316741000000                         00000001300301000000DM 00000000000000000000 01091203180030200817                    100917000000000319075630940011203180000000000000000000000000000000000000000000000000000000000000000000000000000000003190000000000000000000000000000000000000000000000000000010000000000000          0000859660265800000000000000000000000000000000000000000025
1022542123500018830940000316741000000                         00000002568601000000DM 00000000000000000000 01091203180029490917                    100917000000000349075630940011203180000000000000000000000000000000000000000000000000000000000000000000000000000000003490000000000000000000000000000000000000000000000000000010000000000000          0007246053964900000000000000000000000000000000000000000026
1022542123500018830940000316741000000                         00000002662401000000DM 00000000000000000000 01091203180030570917                    100917000000000349075630940011203180000000000000000000000000000000000000000000000000000000000000000000000000000000003490000000000000000000000000000000000000000000000000000010000000000000          0007555846764900000000000000000000000000000000000000000027
1022542123500018830940000316741000000                         00000002804001000000DM 00000000000000000000 01061203180002560318                    100318000000000324023716910011203180000250000000000000000000000000000000000000000000000000000000000000000000000000003240000000000000000000000000000000000000000000000000000010000000000000          0000474784860600000000000000000000000000000000000000000028
1022542123500018830940000316741000000                         00000004132201000000DM 00000000000000000000 01061203180027500318                    100318000000000374010400970011203180000250000000000000000000000000000000000000000000000000000000000000000000000000003740000000000000000000000000000000000000000000000000000010000000000000          0000282899960200000000000000000000000000000000000000000029
1022542123500018830940000316741000000                         00000003036001000000DM 00000000000000000000 01061203180004160318                    100318000000000324034109440011203180000250000000000000000000000000000000000000000000000000000000000000000000000000003240000000000000000000000000000000000000000000000000000010000000000000          0009147587261500000000000000000000000000000000000000000030
1022542123500018830940000316741000000                         00000004496901000000DM 00000000000000000000 01061203180030680318                    100318000000000374063400190011203180000250000000000000000000000000000000000000000000000000000000000000000000000000003740000000000000000000000000000000000000000000000000000010000000000000          0000377887650300000000000000000000000000000000000000000031
1022542123500018830940000316741000000                         00000000641101000000DM 00000000000000000000 01091203180005450917                    100917000000000294075630940011203180000000000000000000000000000000000000000000000000000000000000000000000000000000002940000000000000000000000000000000000000000000000000000010000000000000          0003013578866800000000000000000000000000000000000000000032
1022542123500018830940000316741000000                         00000000785701000000DM 00000000000000000000 01091203180010740917                    100917000000000349075630940011203180000000000000000000000000000000000000000000000000000000000000000000000000000000003490000000000000000000000000000000000000000000000000000010000000000000          0008537504769100000000000000000000000000000000000000000033
1022542123500018830940000316741000000                         00000000833601000000DM 00000000000000000000 01091203180011230917                    100917000000000294075630940011203180000000000000000000000000000000000000000000000000000000000000000000000000000000002940000000000000000000000000000000000000000000000000000010000000000000          0000702724661900000000000000000000000000000000000000000034
1022542123500018830940000316741000000                         00000001421001000000DM 00000000000000000000 01091203180023620917                    100917000000000294075630940011203180000000000000000000000000000000000000000000000000000000000000000000000000000000002940000000000000000000000000000000000000000000000000000010000000000000          0009217048054400000000000000000000000000000000000000000035
1022542123500018830940000316741000000                         00000001433801000000DM 00000000000000000000 01091203180023870917                    100917000000000349075630940011203180000000000000000000000000000000000000000000000000000000000000000000000000000000003490000000000000000000000000000000000000000000000000000010000000000000          0009654065665300000000000000000000000000000000000000000036
1022542123500018830940000316741000000                         00000002012501000000DM 00000000000000000000 01091203180025930917                    100917000000000349075630940011203180000000000000000000000000000000000000000000000000000000000000000000000000000000003490000000000000000000000000000000000000000000000000000010000000000000          0008715200264900000000000000000000000000000000000000000037
1022542123500018830940000316741000000                         00000001892001000000DM 00000000000000000000 01091203180030360917                    100917000000000349075630940011203180000000000000000000000000000000000000000000000000000000000000000000000000000000003490000000000000000000000000000000000000000000000000000010000000000000          0003618392060600000000000000000000000000000000000000000038
1022542123500018830940000316741000000                         00000001928001000000DM 00000000000000000000 01091203180025200917                    100917000000000349075630940011203180000000000000000000000000000000000000000000000000000000000000000000000000000000003490000000000000000000000000000000000000000000000000000010000000000000          0003021597866800000000000000000000000000000000000000000039
1022542123500018830940000316741000000                         00000000122201000000DM 00000000000000000000 01091203180000480917                    100917000000000294075630940011203180000000000000000000000000000000000000000000000000000000000000000000000000000000002940000000000000000000000000000000000000000000000000000010000000000000          0005239992363400000000000000000000000000000000000000000040
1022542123500018830940000316741000000                         00000000314701000000DM 00000000000000000000 01091203180004230917                    100917000000000294075630940011203180000000000000000000000000000000000000000000000000000000000000000000000000000000002940000000000000000000000000000000000000000000000000000010000000000000          0005724833867200000000000000000000000000000000000000000041
1022542123500018830940000316741000000                         00000000399201000000DM 00000000000000000000 01091203180006510917                    100917000000000294075630940011203180000000000000000000000000000000000000000000000000000000000000000000000000000000002940000000000000000000000000000000000000000000000000000010000000000000          0006345744697000000000000000000000000000000000000000000042
1022542123500018830940000316741000000                         00000000411701000000DM 00000000000000000000 01091203180006790917                    100917000000000349075630940011203180000000000000000000000000000000000000000000000000000000000000000000000000000000003490000000000000000000000000000000000000000000000000000010000000000000          0003619380163400000000000000000000000000000000000000000043
1022542123500018830940000316741000000                         00000000519701000000DM 00000000000000000000 01091203180008390917                    100917000000000294075630940011203180000000000000000000000000000000000000000000000000000000000000000000000000000000002940000000000000000000000000000000000000000000000000000010000000000000          0004904386264900000000000000000000000000000000000000000044
1022542123500018830940000316741000000                         00000002352501000000DM 00000000000000000000 01091203180029790917                    100917000000000349075630940011203180000000000000000000000000000000000000000000000000000000000000000000000000000000003490000000000000000000000000000000000000000000000000000010000000000000          0000858497662000000000000000000000000000000000000000000045
1022542123500018830940000316741000000                         00000001349301000000DM 00000000000000000000 01091203180022730917                    100917000000000349075630940011203180000000000000000000000000000000000000000000000000000000000000000000000000000000003490000000000000000000000000000000000000000000000000000010000000000000          0008144163060000000000000000000000000000000000000000000046
1022542123500018830940000316741000000                         00000001361201000000DM 00000000000000000000 01091203180022820917                    100917000000000294075630940011203180000000000000000000000000000000000000000000000000000000000000000000000000000000002940000000000000000000000000000000000000000000000000000010000000000000          0007188059365300000000000000000000000000000000000000000047
1022542123500018830940000316741000000                         00000002437601000000DM 00000000000000000000 01091203180026590917                    100917000000000349075630940011203180000000000000000000000000000000000000000000000000000000000000000000000000000000003490000000000000000000000000000000000000000000000000000010000000000000          0001014914566700000000000000000000000000000000000000000048
1022542123500018830940000316741000000                         00000001288901000000DM 00000000000000000000 01091203180030190817                    100917000000000319075630940011203180000000000000000000000000000000000000000000000000000000000000000000000000000000003190000000000000000000000000000000000000000000000000000010000000000000          0000766983862000000000000000000000000000000000000000000049
1022542123500018830940000316741000000                         00000002704901000000DM 00000000000000000000 01091203180030610917                    100917000000000349075630940011203180000000000000000000000000000000000000000000000000000000000000000000000000000000003490000000000000000000000000000000000000000000000000000010000000000000          0001017077665400000000000000000000000000000000000000000050
1022542123500018830940000316741000000                         00000002717401000000DM 00000000000000000000 01091203181000180817                    100917000000006392075630940011203180000000000000000000000000000000000000000000000000000000000000000000000000000000063920000000000000000000000000000000000000000000000000000010000000000000          1823706600016500000000000000000000000000000000000000000051
1022542123500018830940000316741000000                         00000002852401000000DM 00000000000000000000 01061203180004140318                    100318000000000374003334670011203180000250000000000000000000000000000000000000000000000000000000000000000000000000003740000000000000000000000000000000000000000000000000000010000000000000          0000303613564200000000000000000000000000000000000000000052
1022542123500018830940000316741000000                         00000003300101000000DM 00000000000000000000 01061203180012340318                    100318000000000324075630940011203180000250000000000000000000000000000000000000000000000000000000000000000000000000003240000000000000000000000000000000000000000000000000000010000000000000          0008461066260400000000000000000000000000000000000000000053
1022542123500018830940000316741000000                         00000000170601000000DM 00000000000000000000 01091203180001140917                    100917000000000294075630940011203180000000000000000000000000000000000000000000000000000000000000000000000000000000002940000000000000000000000000000000000000000000000000000010000000000000          0004897155363400000000000000000000000000000000000000000054
1022542123500018830940000316741000000                         00000000134001000000DM 00000000000000000000 01091203180000600917                    100917000000000349075630940011203180000000000000000000000000000000000000000000000000000000000000000000000000000000003490000000000000000000000000000000000000000000000000000010000000000000          0005496202167200000000000000000000000000000000000000000055
1022542123500018830940000316741000000                         00000000278601000000DM 00000000000000000000 01091203180004110917                    100917000000000349075630940011203180000000000000000000000000000000000000000000000000000000000000000000000000000000003490000000000000000000000000000000000000000000000000000010000000000000          0007246051260000000000000000000000000000000000000000000056
1022542123500018830940000316741000000                         00000000423501000000DM 00000000000000000000 01091203180007010917                    100917000000000294075630940011203180000000000000000000000000000000000000000000000000000000000000000000000000000000002940000000000000000000000000000000000000000000000000000010000000000000          0006529267760400000000000000000000000000000000000000000057
1022542123500018830940000316741000000                         00000000495501000000DM 00000000000000000000 01091203180007690917                    100917000000000294075630940011203180000000000000000000000000000000000000000000000000000000000000000000000000000000002940000000000000000000000000000000000000000000000000000010000000000000          0000557136962000000000000000000000000000000000000000000058
1022542123500018830940000316741000000                         00000000797501000000DM 00000000000000000000 01091203180010920917                    100917000000000294075630940011203180000000000000000000000000000000000000000000000000000000000000000000000000000000002940000000000000000000000000000000000000000000000000000010000000000000          0007570230469100000000000000000000000000000000000000000059
1022542123500018830940000316741000000                         00000001445601000000DM 00000000000000000000 01091203180027570917                    100917000000000349075630940011203180000000000000000000000000000000000000000000000000000000000000000000000000000000003490000000000000000000000000000000000000000000000000000010000000000000          0000699499364700000000000000000000000000000000000000000060
1022542123500018830940000316741000000                         00000001049801000000DM 00000000000000000000 01091203180025830917                    100917000000000349075630940011203180000000000000000000000000000000000000000000000000000000000000000000000000000000003490000000000000000000000000000000000000000000000000000010000000000000          0001065186460700000000000000000000000000000000000000000061
1022542123500018830940000316741000000                         00000002168901000000DM 00000000000000000000 01091203180027000917                    100917000000000349075630940011203180000000000000000000000000000000000000000000000000000000000000000000000000000000003490000000000000000000000000000000000000000000000000000010000000000000          0000487456467400000000000000000000000000000000000000000062
1022542123500018830940000316741000000                         00000002412201000000DM 00000000000000000000 01091203180015600917                    100917000000000294075630940011203180000000000000000000000000000000000000000000000000000000000000000000000000000000002940000000000000000000000000000000000000000000000000000010000000000000          0000477735789900000000000000000000000000000000000000000063
1022542123500018830940000316741000000                         00000001373001000000DM 00000000000000000000 01091203180023040917                    100917000000000349075630940011203180000000000000000000000000000000000000000000000000000000000000000000000000000000003490000000000000000000000000000000000000000000000000000010000000000000          0004225353567200000000000000000000000000000000000000000064
1022542123500018830940000316741000000                         00000001409001000000DM 00000000000000000000 01091203180023390917                    100917000000000349075630940011203180000000000000000000000000000000000000000000000000000000000000000000000000000000003490000000000000000000000000000000000000000000000000000010000000000000          0003615945069700000000000000000000000000000000000000000065
1022542123500018830940000316741000000                         00000001613401000000DM 00000000000000000000 01091203180029020917                    100917000000000349075630940011203180000000000000000000000000000000000000000000000000000000000000000000000000000000003490000000000000000000000000000000000000000000000000000010000000000000          0001042612960100000000000000000000000000000000000000000066
1022542123500018830940000316741000000                         00000003096201000000DM 00000000000000000000 01061203180009010318                    100318000000000324010400970011203180000250000000000000000000000000000000000000000000000000000000000000000000000000003240000000000000000000000000000000000000000000000000000010000000000000          0009470166060400000000000000000000000000000000000000000067
1022542123500018830940000316741000000                         00000002276001000000DM 00000000000000000000 01091203180014950917                    100917000000000294075630940011203180000000000000000000000000000000000000000000000000000000000000000000000000000000002940000000000000000000000000000000000000000000000000000010000000000000          0000136752462800000000000000000000000000000000000000000068
1022542123500018830940000316741000000                         00000002312001000000DM 00000000000000000000 01091203180015560917                    100917000000000294075630940011203180000000000000000000000000000000000000000000000000000000000000000000000000000000002940000000000000000000000000000000000000000000000000000010000000000000          0006112200961500000000000000000000000000000000000000000069
1022542123500018830940000316741000000                         00000000569501000000DM 00000000000000000000 01091203180008470917                    100917000000000349075630940011203180000000000000000000000000000000000000000000000000000000000000000000000000000000003490000000000000000000000000000000000000000000000000000010000000000000          0000150671660100000000000000000000000000000000000000000070
1022542123500018830940000316741000000                         00000000581401000000DM 00000000000000000000 01091203180008690917                    100917000000000294075630940011203180000000000000000000000000000000000000000000000000000000000000000000000000000000002940000000000000000000000000000000000000000000000000000010000000000000          0000027442861000000000000000000000000000000000000000000071
1022542123500018830940000316741000000                         00000001181601000000DM 00000000000000000000 01091203180017410917                    100917000000000294075630940011203180000000000000000000000000000000000000000000000000000000000000000000000000000000002940000000000000000000000000000000000000000000000000000010000000000000          0000580980162500000000000000000000000000000000000000000072
1022542123500018830940000316741000000                         00000001025101000000DM 00000000000000000000 01091203180024790917                    100917000000000349075630940011203180000000000000000000000000000000000000000000000000000000000000000000000000000000003490000000000000000000000000000000000000000000000000000010000000000000          0000302933999800000000000000000000000000000000000000000073
1022542123500018830940000316741000000                         00000001805901000000DM 00000000000000000000 01091203180030290917                    100917000000000349075630940011203180000000000000000000000000000000000000000000000000000000000000000000000000000000003490000000000000000000000000000000000000000000000000000010000000000000          0001252081260500000000000000000000000000000000000000000074
1022542123500018830940000316741000000                         00000002204001000000DM 00000000000000000000 01091203180027360917                    100917000000000349075630940011203180000000000000000000000000000000000000000000000000000000000000000000000000000000003490000000000000000000000000000000000000000000000000000010000000000000          0006724457262000000000000000000000000000000000000000000075
1022542123500018830940000316741000000                         00000001685401000000DM 00000000000000000000 01091203180029680917                    100917000000000349075630940011203180000000000000000000000000000000000000000000000000000000000000000000000000000000003490000000000000000000000000000000000000000000000000000010000000000000          0000270724966100000000000000000000000000000000000000000076
1022542123500018830940000316741000000                         00000001733301000000DM 00000000000000000000 01091203180029770917                    100917000000000349075630940011203180000000000000000000000000000000000000000000000000000000000000000000000000000000003490000000000000000000000000000000000000000000000000000010000000000000          0006219557360000000000000000000000000000000000000000000077
1022542123500018830940000316741000000                         00000002522801000000DM 00000000000000000000 01091203180030440917                    100917000000000349075630940011203180000000000000000000000000000000000000000000000000000000000000000000000000000000003490000000000000000000000000000000000000000000000000000010000000000000          0000119164868000000000000000000000000000000000000000000078
1022542123500018830940000316741000000                         00000002535301000000DM 00000000000000000000 01091203180030450917                    100917000000000349075630940011203180000000000000000000000000000000000000000000000000000000000000000000000000000000003490000000000000000000000000000000000000000000000000000010000000000000          0000956345263100000000000000000000000000000000000000000079
1022542123500018830940000316741000000                         00000002474901000000DM 00000000000000000000 01091203180026730917                    100917000000000349075630940011203180000000000000000000000000000000000000000000000000000000000000000000000000000000003490000000000000000000000000000000000000000000000000000010000000000000          0000945536569300000000000000000000000000000000000000000080
1022542123500018830940000316741000000                         00000001037001000000DM 00000000000000000000 01091203180017830917                    100917000000000294075630940011203180000000000000000000000000000000000000000000000000000000000000000000000000000000002940000000000000000000000000000000000000000000000000000010000000000000          0007674540669100000000000000000000000000000000000000000081
1022542123500018830940000316741000000                         00000003683801000000DM 00000000000000000000 01061203180028970318                    100318000000000374010400970011203180000250000000000000000000000000000000000000000000000000000000000000000000000000003740000000000000000000000000000000000000000000000000000010000000000000          0005968516666800000000000000000000000000000000000000000082
1022542123500018830940000316741000000                         00000003144101000000DM 00000000000000000000 01061203180005930318                    100318000000000324075630940011203180000250000000000000000000000000000000000000000000000000000000000000000000000000003240000000000000000000000000000000000000000000000000000010000000000000          0003023575860400000000000000000000000000000000000000000083
1022542123500018830940000316741000000                         00000000533001000000DM 00000000000000000000 01091203180004160917                    100917000000000294075630940011203180000000000000000000000000000000000000000000000000000000000000000000000000000000002940000000000000000000000000000000000000000000000000000010000000000000          0009147587261500000000000000000000000000000000000000000084
1022542123500018830940000316741000000                         00000000725501000000DM 00000000000000000000 01091203180010140917                    100917000000000349075630940011203180000000000000000000000000000000000000000000000000000000000000000000000000000000003490000000000000000000000000000000000000000000000000000010000000000000          0005764752663400000000000000000000000000000000000000000085
1022542123500018830940000316741000000                         00000001397701000000DM 00000000000000000000 01091203180023330917                    100917000000000349075630940011203180000000000000000000000000000000000000000000000000000000000000000000000000000000003490000000000000000000000000000000000000000000000000000010000000000000          0005961869865300000000000000000000000000000000000000000086
1022542123500018830940000316741000000                         00000004553401000000DM 00000000000000000000 01061203181000110218                    100318000000001749075630940011203180000250000000000000000000000000000000000000000000000000000000000000000000000000017490000000000000000000000000000000000000000000000000000010000000000000          3874637600038400000000000000000000000000000000000000000087
1022542123500018830940000316741000000                         00000002072701000000DM 00000000000000000000 01091203180026580917                    100917000000000349075630940011203180000000000000000000000000000000000000000000000000000000000000000000000000000000003490000000000000000000000000000000000000000000000000000010000000000000          0003032597862000000000000000000000000000000000000000000088
1022542123500018830940000316741000000                         00000000689401000000DM 00000000000000000000 01091203180009500917                    100917000000000294075630940011203180000000000000000000000000000000000000000000000000000000000000000000000000000000002940000000000000000000000000000000000000000000000000000010000000000000          0002436214069700000000000000000000000000000000000000000089
1022542123500018830940000316741000000                         00000000701901000000DM 00000000000000000000 01091203180009530917                    100917000000000294075630940011203180000000000000000000000000000000000000000000000000000000000000000000000000000000002940000000000000000000000000000000000000000000000000000010000000000000          0004361846464900000000000000000000000000000000000000000090
1022542123500018830940000316741000000                         00000000737301000000DM 00000000000000000000 01091203180010200917                    100917000000000349075630940011203180000000000000000000000000000000000000000000000000000000000000000000000000000000003490000000000000000000000000000000000000000000000000000010000000000000          0003616071763400000000000000000000000000000000000000000091
1022542123500018830940000316741000000                         00000001457401000000DM 00000000000000000000 01091203180027700917                    100917000000000349075630940011203180000000000000000000000000000000000000000000000000000000000000000000000000000000003490000000000000000000000000000000000000000000000000000010000000000000          0000890660760100000000000000000000000000000000000000000092
1022542123500018830940000316741000000                         00000001904301000000DM 00000000000000000000 01091203180030380917                    100917000000000349075630940011203180000000000000000000000000000000000000000000000000000000000000000000000000000000003490000000000000000000000000000000000000000000000000000010000000000000          0000390944564000000000000000000000000000000000000000000093
1022542123500018830940000316741000000                         00000001976301000000DM 00000000000000000000 01091203180025770917                    100917000000000349075630940011203180000000000000000000000000000000000000000000000000000000000000000000000000000000003490000000000000000000000000000000000000000000000000000010000000000000          0003225644269100000000000000000000000000000000000000000094
1022542123500018830940000316741000000                         00000002000701000000DM 00000000000000000000 01091203180025920917                    100917000000000349075630940011203180000000000000000000000000000000000000000000000000000000000000000000000000000000003490000000000000000000000000000000000000000000000000000010000000000000          0009838358266800000000000000000000000000000000000000000095
1022542123500018830940000316741000000                         00000000507901000000DM 00000000000000000000 01091203180007930917                    100917000000000294075630940011203180000000000000000000000000000000000000000000000000000000000000000000000000000000002940000000000000000000000000000000000000000000000000000010000000000000          0005103575868700000000000000000000000000000000000000000096
1022542123500018830940000316741000000                         00000002340701000000DM 00000000000000000000 01091203180011100917                    100917000000000294075630940011203180000000000000000000000000000000000000000000000000000000000000000000000000000000002940000000000000000000000000000000000000000000000000000010000000000000          0005856618068200000000000000000000000000000000000000000097
1022542123500018830940000316741000000                         00000002450201000000DM 00000000000000000000 01091203180006720917                    100917000000000294075630940011203180000000000000000000000000000000000000000000000000000000000000000000000000000000002940000000000000000000000000000000000000000000000000000010000000000000          0001612675069100000000000000000000000000000000000000000098
1022542123500018830940000316741000000                         00000000471901000000DM 00000000000000000000 01091203180007400917                    100917000000000294075630940011203180000000000000000000000000000000000000000000000000000000000000000000000000000000002940000000000000000000000000000000000000000000000000000010000000000000          0005051206417200000000000000000000000000000000000000000099
1022542123500018830940000316741000000                         00000002510001000000DM 00000000000000000000 01091203180030430917                    100917000000000349075630940011203180000000000000000000000000000000000000000000000000000000000000000000000000000000003490000000000000000000000000000000000000000000000000000010000000000000          0000394635469600000000000000000000000000000000000000000100
1022542123500018830940000316741000000                         00000002828701000000DM 00000000000000000000 01061203180003720318                    100318000000000324010400970011203180000250000000000000000000000000000000000000000000000000000000000000000000000000003240000000000000000000000000000000000000000000000000000010000000000000          0000595338569200000000000000000000000000000000000000000101
1022542123500018830940000316741000000                         00000004554101000000DM 00000000000000000000 01061203181000240218                    100318000000003513010400970011203180000250000000000000000000000000000000000000000000000000000000000000000000000000035130000000000000000000000000000000000000000000000000000010000000000000          0488922000017900000000000000000000000000000000000000000102
1022542123500018830940000316741000000                         00000000545901000000DM 00000000000000000000 01091203180001540917                    100917000000000294075630940011203180000000000000000000000000000000000000000000000000000000000000000000000000000000002940000000000000000000000000000000000000000000000000000010000000000000          0008246321269100000000000000000000000000000000000000000103
1022542123500018830940000316741000000                         00000001229401000000DM 00000000000000000000 01091203180022630917                    100917000000000294075630940011203180000000000000000000000000000000000000000000000000000000000000000000000000000000002940000000000000000000000000000000000000000000000000000010000000000000          0002485828563400000000000000000000000000000000000000000104
1022542123500018830940000316741000000                         00000001745101000000DM 00000000000000000000 01091203180029780917                    100917000000000349075630940011203180000000000000000000000000000000000000000000000000000000000000000000000000000000003490000000000000000000000000000000000000000000000000000010000000000000          0000781177065200000000000000000000000000000000000000000105
1022542123500018830940000316741000000                         00000001820001000000DM 00000000000000000000 01091203180030310917                    100917000000000349075630940011203180000000000000000000000000000000000000000000000000000000000000000000000000000000003490000000000000000000000000000000000000000000000000000010000000000000          0000848099966700000000000000000000000000000000000000000106
1022542123500018830940000316741000000                         00000001109501000000DM 00000000000000000000 01091203180015980917                    100917000000000294075630940011203180000000000000000000000000000000000000000000000000000000000000000000000000000000002940000000000000000000000000000000000000000000000000000010000000000000          0007886934067800000000000000000000000000000000000000000107
1022542123500018830940000316741000000                         00000001832801000000DM 00000000000000000000 01091203180030400917                    100917000000000349075630940011203180000000000000000000000000000000000000000000000000000000000000000000000000000000003490000000000000000000000000000000000000000000000000000010000000000000          0009240028064900000000000000000000000000000000000000000108
1022542123500018830940000316741000000                         00000001868201000000DM 00000000000000000000 01091203180030350917                    100917000000000349075630940011203180000000000000000000000000000000000000000000000000000000000000000000000000000000003490000000000000000000000000000000000000000000000000000010000000000000          0001014402069600000000000000000000000000000000000000000109
1022542123500018830940000316741000000                         00000001193401000000DM 00000000000000000000 01091203180017670917                    100917000000000294075630940011203180000000000000000000000000000000000000000000000000000000000000000000000000000000002940000000000000000000000000000000000000000000000000000010000000000000          0000314784764000000000000000000000000000000000000000000110
1022542123500018830940000316741000000                         00000001757001000000DM 00000000000000000000 01091203180029810917                    100917000000000349075630940011203180000000000000000000000000000000000000000000000000000000000000000000000000000000003490000000000000000000000000000000000000000000000000000010000000000000          0000866105069300000000000000000000000000000000000000000111
1022542123500018830940000316741000000                         00000002462001000000DM 00000000000000000000 01091203180028170917                    100917000000000349075630940011203180000000000000000000000000000000000000000000000000000000000000000000000000000000003490000000000000000000000000000000000000000000000000000010000000000000          0006612029269100000000000000000000000000000000000000000112
1022542123500018830940000316741000000                         00000002486701000000DM 00000000000000000000 01091203180029720917                    100917000000000319075630940011203180000000000000000000000000000000000000000000000000000000000000000000000000000000003190000000000000000000000000000000000000000000000000000010000000000000          0001294552163600000000000000000000000000000000000000000113
1022542123500018830940000316741000000                         00000002610101000000DM 00000000000000000000 01091203180012850917                    100917000000000294075630940011203180000000000000000000000000000000000000000000000000000000000000000000000000000000002940000000000000000000000000000000000000000000000000000010000000000000          0000721082378600000000000000000000000000000000000000000114
1022542123500018830940000316741000000                         00000002685301000000DM 00000000000000000000 01091203180030600917                    100917000000000349075630940011203180000000000000000000000000000000000000000000000000000000000000000000000000000000003490000000000000000000000000000000000000000000000000000010000000000000          0000310761760100000000000000000000000000000000000000000115
1022542123500018830940000316741000000                         00000003832601000000DM 00000000000000000000 01061203180030140318                    100318000000000374010400970011203180000250000000000000000000000000000000000000000000000000000000000000000000000000003740000000000000000000000000000000000000000000000000000010000000000000          0000506908968400000000000000000000000000000000000000000116
1022542123500018830940000316741000000                         00000004552701000000DM 00000000000000000000 01061203181000080218                    100318000000002756075630940011203180000250000000000000000000000000000000000000000000000000000000000000000000000000027560000000000000000000000000000000000000000000000000000010000000000000          3874637600011200000000000000000000000000000000000000000117
9027563094SICOOB CREDIARA          RUA MARIA RITA DE AGUIAR                          CENTRO                        38183236ARAXÁ                         MG130320180000011600000000113                                                                                                                                                                                                                    000118
