02RETORNO01COBRANÇA       30940000327964316741J REZENDE - ME                756 - BANCOOB S/A 1203180000209                                                                                                                                                                                                                                                                                               000001
1022542123500018830940000316741000000                         00000003611801000000DM 00000000000000000000 01060903180028150318                    100318000000000374010400970010903180000250000000000000000000000000000000000000000000000000000000000000000000000000003740000000000000000000000000000000000000000000000000000010000000000000          0001026372666500000000000000000000000000000000000000000002
1022542123500018830940000316741000000                         00000003156001000000DM 00000000000000000000 01060803180006480318                    100318000000000374010400970010803180000250000000000000000000000000000000000000000000000000000000000000000000000000003740000000000000000000000000000000000000000000000000000010000000000000          0001612677762000000000000000000000000000000000000000000003
1022542123500018830940000316741000000                         00000003264001000000DM 00000000000000000000 01060903180011390318                    100318000000000324010400970010903180000250000000000000000000000000000000000000000000000000000000000000000000000000003240000000000000000000000000000000000000000000000000000010000000000000          0009651106069100000000000000000000000000000000000000000004
1022542123500018830940000316741000000                         00000003964301000000DM 00000000000000000000 01060903180026710318                    100318000000000374034109440010903180000250000000000000000000000000000000000000000000000000000000000000000000000000003740000000000000000000000000000000000000000000000000000010000000000000          0005764341515300000000000000000000000000000000000000000005
1022542123500018830940000316741000000                         00000003312001000000DM 00000000000000000000 01060903180013270318                    100318000000000324010400970010903180000250000000000000000000000000000000000000000000000000000000000000000000000000003240000000000000000000000000000000000000000000000000000010000000000000          0005974586069700000000000000000000000000000000000000000006
1022542123500018830940000316741000000                         00000003659001000000DM 00000000000000000000 01060803180028820318                    100318000000000374010400970010803180000250000000000000000000000000000000000000000000000000000000000000000000000000003740000000000000000000000000000000000000000000000000000010000000000000          0002486093060600000000000000000000000000000000000000000007
1022542123500018830940000316741000000                         00000004252101000000DM 00000000000000000000 01060903180029060318                    100318000000000374010400970010903180000250000000000000000000000000000000000000000000000000000000000000000000000000003740000000000000000000000000000000000000000000000000000010000000000000          0007331229087200000000000000000000000000000000000000000008
1022542123500018830940000316741000000                         00000003504401000000DM 00000000000000000000 01060803180017340318                    100318000000000324010400970010803180000250000000000000000000000000000000000000000000000000000000000000000000000000003240000000000000000000000000000000000000000000000000000010000000000000          0006300667766800000000000000000000000000000000000000000009
1022542123500018830940000316741000000                         00000003000601000000DM 00000000000000000000 01060803180007200318                    100318000000000324034199260010803180000250000000000000000000000000000000000000000000000000000000000000000000000000003240000000000000000000000000000000000000000000000000000010000000000000          0003609756063000000000000000000000000000000000000000000010
1022542123500018830940000316741000000                         00000002780901000000DM 00000000000000000000 01060903180001520318                    100318000000000324034199260010903180000250000000000000000000000000000000000000000000000000000000000000000000000000003240000000000000000000000000000000000000000000000000000010000000000000          0000719132169500000000000000000000000000000000000000000011
1022542123500018830940000316741000000                         00000002816901000000DM 00000000000000000000 01060903180003300318                    100318000000000324010400970010903180000250000000000000000000000000000000000000000000000000000000000000000000000000003240000000000000000000000000000000000000000000000000000010000000000000          0000916024261200000000000000000000000000000000000000000012
1022542123500018830940000316741000000                         00000003952501000000DM 00000000000000000000 01060903180026650318                    100318000000000374034109440010903180000250000000000000000000000000000000000000000000000000000000000000000000000000003740000000000000000000000000000000000000000000000000000010000000000000          0000694769266000000000000000000000000000000000000000000013
1022542123500018830940000316741000000                         00000003856201000000DM 00000000000000000000 01060803180030330318                    100318000000000374010400970010803180000250000000000000000000000000000000000000000000000000000000000000000000000000003740000000000000000000000000000000000000000000000000000010000000000000          0008285259668700000000000000000000000000000000000000000014
1022542123500018830940000316741000000                         00000002900301000000DM 00000000000000000000 01060803180004530318                    100318000000000374034199260010803180000250000000000000000000000000000000000000000000000000000000000000000000000000003740000000000000000000000000000000000000000000000000000010000000000000          0000786278560600000000000000000000000000000000000000000015
1022542123500018830940000316741000000                         00000002888901000000DM 00000000000000000000 01060903180004370318                    100318000000000324010400970010903180000250000000000000000000000000000000000000000000000000000000000000000000000000003240000000000000000000000000000000000000000000000000000010000000000000          0001313854565300000000000000000000000000000000000000000016
1022542123500018830940000316741000000                         00000003180701000000DM 00000000000000000000 01060803180009450318                    100318000000000324010400970010803180000250000000000000000000000000000000000000000000000000000000000000000000000000003240000000000000000000000000000000000000000000000000000010000000000000          0009277825960000000000000000000000000000000000000000000017
1022542123500018830940000316741000000                         00000003635401000000DM 00000000000000000000 01060903180028160318                    100318000000000374010400970010903180000250000000000000000000000000000000000000000000000000000000000000000000000000003740000000000000000000000000000000000000000000000000000010000000000000          0008257197068200000000000000000000000000000000000000000018
1022542123500018830940000316741000000                         00000003108601000000DM 00000000000000000000 01060903180005350318                    100318000000000324010400970010903180000250000000000000000000000000000000000000000000000000000000000000000000000000003240000000000000000000000000000000000000000000000000000010000000000000          0000659773163800000000000000000000000000000000000000000019
1022542123500018830940000316741000000                         00000003192501000000DM 00000000000000000000 01060903180009530318                    100318000000000324010400970010903180000250000000000000000000000000000000000000000000000000000000000000000000000000003240000000000000000000000000000000000000000000000000000010000000000000          0004361846464900000000000000000000000000000000000000000020
1022542123500018830940000316741000000                         00000003240401000000DM 00000000000000000000 01060803180010460318                    100318000000000324023716910010803180000250000000000000000000000000000000000000000000000000000000000000000000000000003240000000000000000000000000000000000000000000000000000010000000000000          0000013014064300000000000000000000000000000000000000000021
1022542123500018830940000316741000000                         00000003336601000000DM 00000000000000000000 01060803180023970318                    100318000000000374010400970010803180000250000000000000000000000000000000000000000000000000000000000000000000000000003740000000000000000000000000000000000000000000000000000010000000000000          0007188737762000000000000000000000000000000000000000000022
9027563094SICOOB CREDIARA          RUA MARIA RITA DE AGUIAR                          CENTRO                        38183236ARAXÁ                         MG120320180000002100000000113                                                                                                                                                                                                                    000023
