02RETORNO01COBRANÇA       30940000327964316741J REZENDE - ME                756 - BANCOOB S/A 2703180000211                                                                                                                                                                                                                                                                                               000001
1022542123500018830940000316741000000                         00000003743501000000DM 00000000000000000000 01101903180029680318                    150318000000000374075630940011903180000100000000000000000000000000000000000000000000000000000000000000000000000000003740000000000000000000000000000000000000000000000000000010000000000000          0000270724966100000000000000000000000000000000000000000002
1022542123500018830940000316741000000                         00000004010901000000DM 00000000000000000000 01101903180027000118                    100118000000000374075630940011903180000100000000000000000000000000000000000000000000000000000000000000000000000000003740000000000000000000000000000000000000000000000000000010000000000000          0000487456467400000000000000000000000000000000000000000003
1022542123500018830940000316741000000                         00000003084401000000DM 00000000000000000000 01101903180008690318                    100318000000000324075630940011903180000100000000000000000000000000000000000000000000000000000000000000000000000000003240000000000000000000000000000000000000000000000000000010000000000000          0000027442861000000000000000000000000000000000000000000004
1022542123500018830940000316741000000                         00000004192401000000DM 00000000000000000000 01101903180030420318                    100318000000000374075630940011903180000100000000000000000000000000000000000000000000000000000000000000000000000000003740000000000000000000000000000000000000000000000000000010000000000000          0001076302165200000000000000000000000000000000000000000005
1022542123500018830940000316741000000                         00000003808901000000DM 00000000000000000000 01061903180010140318                    200318000000000374010400970011903180000250000000000000000000000000000000000000000000000000000000000000000000000000003740000000000000000000000000000000000000000000000000000010000000000000          0005764752663400000000000000000000000000000000000000000006
1022542123500018830940000316741000000                         00000004550201000000DM 00000000000000000000 01101903181000180218                    100318000000003752075630940011903180000100000000000000000000000000000000000000000000000000000000000000000000000000037520000000000000000000000000000000000000000000000000000010000000000000          1823706600016500000000000000000000000000000000000000000007
1022542123500018830940000316741000000                         00000003024201000000DM 00000000000000000000 01101903180008390318                    100318000000000324075630940011903180000100000000000000000000000000000000000000000000000000000000000000000000000000003240000000000000000000000000000000000000000000000000000010000000000000          0004904386264900000000000000000000000000000000000000000008
1022542123500018830940000316741000000                         00000003767101000000DM 00000000000000000000 01101903180029710318                    100318000000000374075630940011903180000100000000000000000000000000000000000000000000000000000000000000000000000000003740000000000000000000000000000000000000000000000000000010000000000000          0002729840060600000000000000000000000000000000000000000009
1022542123500018830940000316741000000                         00000004581001000000DM 00000000000000000000 01062103181000080318                    100418000000003318575630940012103180000250000000000000000000000000000000000000000000000000000000000000000000000000033185000000000000000000000000000000000000000000000000000010000000000000          3874637600011200000000000000000000000000000000000000000010
1022542123500018830940000316741000000                         00000003766401000000DM 00000000000000000000 01101903180029710218                    100218000000000374075630940011903180000100000000000000000000000000000000000000000000000000000000000000000000000000003740000000000000000000000000000000000000000000000000000010000000000000          0002729840060600000000000000000000000000000000000000000011
1022542123500018830940000316741000000                         00000004583501000000DM 00000000000000000000 01062103181000140318                    100418000000000349075630940012103180000250000000000000000000000000000000000000000000000000000000000000000000000000003490000000000000000000000000000000000000000000000000000010000000000000          3874637600046500000000000000000000000000000000000000000012
1022542123500018830940000316741000000                         00000003765701000000DM 00000000000000000000 01101903180029710118                    100118000000000374075630940011903180000100000000000000000000000000000000000000000000000000000000000000000000000000003740000000000000000000000000000000000000000000000000000010000000000000          0002729840060600000000000000000000000000000000000000000013
1022542123500018830940000316741000000                         00000003324801000000DM 00000000000000000000 01101903180013890318                    150318000000000324075630940011903180000100000000000000000000000000000000000000000000000000000000000000000000000000003240000000000000000000000000000000000000000000000000000010000000000000          0000690262868800000000000000000000000000000000000000000014
1022542123500018830940000316741000000                         00000001712901000000DM 00000000000000000000 01101903180029711217                    101217000000000349075630940011903180000100000000000000000000000000000000000000000000000000000000000000000000000000003490000000000000000000000000000000000000000000000000000010000000000000          0002729840060600000000000000000000000000000000000000000015
1022542123500018830940000316741000000                         00000002876001000000DM 00000000000000000000 01101903180004230318                    100318000000000324075630940011903180000100000000000000000000000000000000000000000000000000000000000000000000000000003240000000000000000000000000000000000000000000000000000010000000000000          0005724833867200000000000000000000000000000000000000000016
9027563094SICOOB CREDIARA          RUA MARIA RITA DE AGUIAR                          CENTRO                        38183236ARAXÁ                         MG270320180000001500000000113                                                                                                                                                                                                                    000017
