02RETORNO01COBRANÇA       30940000327964316741J REZENDE                     756 - BANCOOB S/A 1506200000409                                                                                                                                                                                                                                                                                               000001
1022542123500018830940000316741000000                         00000006565001000000DM 00000000000000000000 01060406200023390620                    100620000000000400010400970010406200000250000000000000000000000000000000000000000000000000000000000000000000000000004000000000000000000000000000000000000000000000000000000010000000000000          0003615945069700000000000000000000000000000000000000000002
1022542123500018830940000316741000000                         00000006026401000000DM 00000000000000000000 01060306200013270620                    100620000000000360010400970010306200000250000000000000000000000000000000000000000000000000000000000000000000000000003600000000000000000000000000000000000000000000000000000010000000000000          0005974586069700000000000000000000000000000000000000000003
1022542123500018830940000316741000000                         00000006290001000000DM 00000000000000000000 01060306200000410620                    100620000000000360010400970010306200000250000000000000000000000000000000000000000000000000000000000000000000000000003600000000000000000000000000000000000000000000000000000010000000000000          0000565324365500000000000000000000000000000000000000000004
1022542123500018830940000316741000000                         00000006338801000000DM 00000000000000000000 01060306200010920620                    100620000000000360010400970010306200000250000000000000000000000000000000000000000000000000000000000000000000000000003600000000000000000000000000000000000000000000000000000010000000000000          0007570230469100000000000000000000000000000000000000000005
1022542123500018830940000316741000000                         00000006384701000000DM 00000000000000000000 01060306200028810420                    100420000000000400010400970010306200000250000000000000000000000000000000000000000000000000000000000000000000000000004004000000000000400000000000000000000000000000000000000010000000000000          0002729612165300000000000000000000000000000000000000000006
1022542123500018830940000316741000000                         00000005918201000000DM 00000000000000000000 01060106200014580620                    100620000000000360010400970010106200000250000000000000000000000000000000000000000000000000000000000000000000000000003600000000000000000000000000000000000000000000000000000010000000000000          0002361630010000000000000000000000000000000000000000000007
1022542123500018830940000316741000000                         00000006795501000000DM 00000000000000000000 01060106201000250520                    100620000000000726010400970010106200000250000000000000000000000000000000000000000000000000000000000000000000000000007260000000000000000000000000000000000000000000000000000010000000000000          2604146700017300000000000000000000000000000000000000000008
1022542123500018830940000316741000000                         00000005990301000000DM 00000000000000000000 01060506200025270620                    100620000000000400010400970010506200000250000000000000000000000000000000000000000000000000000000000000000000000000004000000000000000000000000000000000000000000000000000000010000000000000          0000677178867900000000000000000000000000000000000000000009
1022542123500018830940000316741000000                         00000006122701000000DM 00000000000000000000 01060506200029010620                    100620000000000400010400970010506200000250000000000000000000000000000000000000000000000000000000000000000000000000004000000000000000000000000000000000000000000000000000000010000000000000          0002483652468700000000000000000000000000000000000000000010
1022542123500018830940000316741000000                         00000006649401000000DM 00000000000000000000 01060306200004220620                    100620000000000360010400970010306200000250000000000000000000000000000000000000000000000000000000000000000000000000003600000000000000000000000000000000000000000000000000000010000000000000          0007415855469100000000000000000000000000000000000000000011
9027563094SICOOB CREDIARA          R D BOSCO                                         Centro                        38183228Araxá                         MG150620200000001000000000113                                                                                                                                                                                                                    000012
