02RETORNO01COBRANÇA       30940000327964316741J REZENDE                     756 - BANCOOB S/A 1506200000408                                                                                                                                                                                                                                                                                               000001
1022542123500018830940000316741000000                         00000006074801000000DM 00000000000000000000 01062905200010210620                    100620000000000360010400970012905200000250000000000000000000000000000000000000000000000000000000000000000000000000003600000000000000000000000000000000000000000000000000000010000000000000          0007187518269100000000000000000000000000000000000000000002
1022542123500018830940000316741000000                         00000006553201000000DM 00000000000000000000 01062905200011610620                    100620000000000360010400970012905200000250000000000000000000000000000000000000000000000000000000000000000000000000003600000000000000000000000000000000000000000000000000000010000000000000          0004342743060000000000000000000000000000000000000000000003
1022542123500018830940000316741000000                         00000006683501000000DM 00000000000000000000 01062905200008470620                    100620000000000400010400970012905200000250000000000000000000000000000000000000000000000000000000000000000000000000004000000000000000000000000000000000000000000000000000000010000000000000          0000150671660100000000000000000000000000000000000000000004
1022542123500018830940000316741000000                         00000006514501000000DM 00000000000000000000 01062805200005450320                    100320000000000360010400970012805200000250000000000000000000000000000000000000000000000000000000000000000000000000003603000000000000300000000000000000000000000000000000000010000000000000          0003013578866800000000000000000000000000000000000000000005
1022542123500018830940000316741000000                         00000006515201000000DM 00000000000000000000 01062805200005450420                    100420000000000360010400970012805200000250000000000000000000000000000000000000000000000000000000000000000000000000003603000000000000300000000000000000000000000000000000000010000000000000          0003013578866800000000000000000000000000000000000000000006
1022542123500018830940000316741000000                         00000006516001000000DM 00000000000000000000 01062805200005450520                    100520000000000360010400970012805200000250000000000000000000000000000000000000000000000000000000000000000000000000003603000000000000300000000000000000000000000000000000000010000000000000          0003013578866800000000000000000000000000000000000000000007
1022542123500018830940000316741000000                         00000006409601000000DM 00000000000000000000 01062705200027000520                    100520000000000400010400970012705200000250000000000000000000000000000000000000000000000000000000000000000000000000004004000000000000400000000000000000000000000000000000000010000000000000          0000487456467400000000000000000000000000000000000000000008
1022542123500018830940000316741000000                         00000006002801000000DM 00000000000000000000 01062605200026740620                    100620000000000400010400970012605200000250000000000000000000000000000000000000000000000000000000000000000000000000004000000000000000000000000000000000000000000000000000000010000000000000          0000954360460600000000000000000000000000000000000000000009
1022542123500018830940000316741000000                         00000006637601000000DM 00000000000000000000 01062605200002360620                    100620000000000400010400970012605200000250000000000000000000000000000000000000000000000000000000000000000000000000004000000000000000000000000000000000000000000000000000000010000000000000          0000569370264200000000000000000000000000000000000000000010
1022542123500018830940000316741000000                         00000006110901000000DM 00000000000000000000 01062505200028820620                    100620000000000400063400190012505200000250000000000000000000000000000000000000000000000000000000000000000000000000004000000000000000000000000000000000000000000000000000000010000000000000          0002486093060600000000000000000000000000000000000000000011
1022542123500018830940000316741000000                         00000006750401000000DM 00000000000000000000 01062505200029710520                    100520000000000400003334670012505200000250000000000000000000000000000000000000000000000000000000000000000000000000004004000000000000400000000000000000000000000000000000000010000000000000          0002729840060600000000000000000000000000000000000000000012
9027563094SICOOB CREDIARA          R D BOSCO                                         Centro                        38183228Araxá                         MG150620200000001100000000113                                                                                                                                                                                                                    000013
