02RETORNO01COBRANÇA       30940000327964316741J REZENDE                     756 - BANCOOB S/A 1506200000410                                                                                                                                                                                                                                                                                               000001
1022542123500018830940000316741000000                         00000006798701000000DM 00000000000000000000 01061006201000270620                    100620000000002072075630940011006200000250000000000000000000000000000000000000000000000000000000000000000000000000020720000000000000000000000000000000000000000000000000000010000000000000          0534793700015100000000000000000000000000000000000000000002
1022542123500018830940000316741000000                         00000006796201000000DM 00000000000000000000 01061006201000250520                    100620000000039510010400970011006200000250000000000000000000000000000000000000000000000000000000000000000000000000395100000000000000000000000000000000000000000000000000000010000000000000          2604122800011300000000000000000000000000000000000000000003
1022542123500018830940000316741000000                         00000006797001000000DM 00000000000000000000 01061006201000260520                    100620000000002267375630940011006200000250000000000000000000000000000000000000000000000000000000000000000000000000022673000000000000000000000000000000000000000000000000000010000000000000          0098386400017000000000000000000000000000000000000000000004
1022542123500018830940000316741000000                         00000006799401000000DM 00000000000000000000 01061006201000280620                    100620000000001036075640790011006200000250000000000000000000000000000000000000000000000000000000000000000000000000010360000000000000000000000000000000000000000000000000000010000000000000          0581273600018800000000000000000000000000000000000000000005
1022542123500018830940000316741000000                         00000006791601000000DM 00000000000000000000 01061006201000070520                    100620000000000380000142020011006200000250000000000000000000000000000000000000000000000000000000000000000000000000003800000000000000000000000000000000000000000000000000000010000000000000          7097303700069600000000000000000000000000000000000000000006
1022542123500018830940000316741000000                         00000006792301000000DM 00000000000000000000 01061006201000100520                    100620000000000760000142020011006200000250000000000000000000000000000000000000000000000000000000000000000000000000007600000000000000000000000000000000000000000000000000000010000000000000          7097303700034300000000000000000000000000000000000000000007
1022542123500018830940000316741000000                         00000006098401000000DM 00000000000000000000 01060806200016360620                    100620000000000400010400970010806200000250000000000000000000000000000000000000000000000000000000000000000000000000004000000000000000000000000000000000000000000000000000000010000000000000          0004340692069100000000000000000000000000000000000000000008
1022542123500018830940000316741000000                         00000006751101000000DM 00000000000000000000 01060806200029710620                    100620000000000400003334670010806200000250000000000000000000000000000000000000000000000000000000000000000000000000004000000000000000000000000000000000000000000000000000000010000000000000          0002729840060600000000000000000000000000000000000000000009
1022542123500018830940000316741000000                         00000005147101000000DM 00000000000000000000 01090806200014481219                    101219000000000324075630940010806200000100000000000000000000000000000000000000000000000000000000000000000000000000003240000000000000000000000000000000000000000000000000000010000000000000          0005227926069700000000000000000000000000000000000000000010
1022542123500018830940000316741000000                         00000006314101000000DM 00000000000000000000 01060906200004270620                    100620000000000360010400970010906200000250000000000000000000000000000000000000000000000000000000000000000000000000003600000000000000000000000000000000000000000000000000000010000000000000          0000329979965700000000000000000000000000000000000000000011
1022542123500018830940000316741000000                         00000006422201000000DM 00000000000000000000 01060906200004160620                    100620000000000360034109440010906200000250000000000000000000000000000000000000000000000000000000000000000000000000003600000000000000000000000000000000000000000000000000000010000000000000          0009147587261500000000000000000000000000000000000000000012
1022542123500018830940000316741000000                         00000005160801000000DM 00000000000000000000 01090806200030711219                    101219000000000374075630940010806200000100000000000000000000000000000000000000000000000000000000000000000000000000003740000000000000000000000000000000000000000000000000000010000000000000          0000953633063600000000000000000000000000000000000000000013
1022542123500018830940000316741000000                         00000005208601000000DM 00000000000000000000 01090806200015231219                    101219000000000324075630940010806200000100000000000000000000000000000000000000000000000000000000000000000000000000003240000000000000000000000000000000000000000000000000000010000000000000          0003225778362000000000000000000000000000000000000000000014
1022542123500018830940000316741000000                         00000005268801000000DM 00000000000000000000 01090806200017341219                    101219000000000324075630940010806200000100000000000000000000000000000000000000000000000000000000000000000000000000003240000000000000000000000000000000000000000000000000000010000000000000          0006300667766800000000000000000000000000000000000000000015
1022542123500018830940000316741000000                         00000005280701000000DM 00000000000000000000 01090806200017751219                    101219000000000324075630940010806200000100000000000000000000000000000000000000000000000000000000000000000000000000003240000000000000000000000000000000000000000000000000000010000000000000          0002729843469100000000000000000000000000000000000000000016
1022542123500018830940000316741000000                         00000005292501000000DM 00000000000000000000 01090806200017831219                    101219000000000324075630940010806200000100000000000000000000000000000000000000000000000000000000000000000000000000003240000000000000000000000000000000000000000000000000000010000000000000          0007674540669100000000000000000000000000000000000000000017
1022542123500018830940000316741000000                         00000005316701000000DM 00000000000000000000 01090806200022661219                    101219000000000374075630940010806200000100000000000000000000000000000000000000000000000000000000000000000000000000003740000000000000000000000000000000000000000000000000000010000000000000          0004170441060600000000000000000000000000000000000000000018
1022542123500018830940000316741000000                         00000005340401000000DM 00000000000000000000 01090806200022821219                    101219000000000324075630940010806200000100000000000000000000000000000000000000000000000000000000000000000000000000003240000000000000000000000000000000000000000000000000000010000000000000          0007188059365300000000000000000000000000000000000000000019
1022542123500018830940000316741000000                         00000005412001000000DM 00000000000000000000 01090806200024731219                    101219000000000374075630940010806200000100000000000000000000000000000000000000000000000000000000000000000000000000003740000000000000000000000000000000000000000000000000000010000000000000          0001603579869100000000000000000000000000000000000000000020
1022542123500018830940000316741000000                         00000005424801000000DM 00000000000000000000 01090806200025191219                    101219000000000374075630940010806200000100000000000000000000000000000000000000000000000000000000000000000000000000003740000000000000000000000000000000000000000000000000000010000000000000          0008540006863400000000000000000000000000000000000000000021
1022542123500018830940000316741000000                         00000005448401000000DM 00000000000000000000 01090806200025961219                    101219000000000374075630940010806200000100000000000000000000000000000000000000000000000000000000000000000000000000003740000000000000000000000000000000000000000000000000000010000000000000          0009277829168700000000000000000000000000000000000000000022
1022542123500018830940000316741000000                         00000005484001000000DM 00000000000000000000 01090806200026731219                    101219000000000374075630940010806200000100000000000000000000000000000000000000000000000000000000000000000000000000003740000000000000000000000000000000000000000000000000000010000000000000          0000945536569300000000000000000000000000000000000000000023
1022542123500018830940000316741000000                         00000005508101000000DM 00000000000000000000 01090806200026861219                    101219000000000374075630940010806200000100000000000000000000000000000000000000000000000000000000000000000000000000003740000000000000000000000000000000000000000000000000000010000000000000          0003407094060000000000000000000000000000000000000000000024
1022542123500018830940000316741000000                         00000005520001000000DM 00000000000000000000 01090806200027001219                    101219000000000374075630940010806200000100000000000000000000000000000000000000000000000000000000000000000000000000003740000000000000000000000000000000000000000000000000000010000000000000          0000487456467400000000000000000000000000000000000000000025
1022542123500018830940000316741000000                         00000005532901000000DM 00000000000000000000 01090806200027131219                    101219000000000374075630940010806200000100000000000000000000000000000000000000000000000000000000000000000000000000003740000000000000000000000000000000000000000000000000000010000000000000          0009652261564900000000000000000000000000000000000000000026
1022542123500018830940000316741000000                         00000005799501000000DM 00000000000000000000 01090806200029271219                    101219000000000374075630940010806200000100000000000000000000000000000000000000000000000000000000000000000000000000003740000000000000000000000000000000000000000000000000000010000000000000          0001166686868000000000000000000000000000000000000000000027
1022542123500018830940000316741000000                         00000005821301000000DM 00000000000000000000 01090806200030761219                    101219000000000374075630940010806200000100000000000000000000000000000000000000000000000000000000000000000000000000003740000000000000000000000000000000000000000000000000000010000000000000          0000479186480800000000000000000000000000000000000000000028
1022542123500018830940000316741000000                         00000006170001000000DM 00000000000000000000 01060806200006480620                    100620000000000400010400970010806200000250000000000000000000000000000000000000000000000000000000000000000000000000004000000000000000000000000000000000000000000000000000000010000000000000          0001612677762000000000000000000000000000000000000000000029
1022542123500018830940000316741000000                         00000006326001000000DM 00000000000000000000 01060806200005930620                    100620000000000360010400970010806200000250000000000000000000000000000000000000000000000000000000000000000000000000003600000000000000000000000000000000000000000000000000000010000000000000          0003023575860400000000000000000000000000000000000000000030
1022542123500018830940000316741000000                         00000006350701000000DM 00000000000000000000 01060806200014700620                    100620000000000360010400970010806200000250000000000000000000000000000000000000000000000000000000000000000000000000003600000000000000000000000000000000000000000000000000000010000000000000          0008318973461500000000000000000000000000000000000000000031
1022542123500018830940000316741000000                         00000006218901000000DM 00000000000000000000 01060806200010200620                    100620000000000400010400970010806200000250000000000000000000000000000000000000000000000000000000000000000000000000004000000000000000000000000000000000000000000000000000000010000000000000          0003616071763400000000000000000000000000000000000000000032
1022542123500018830940000316741000000                         00000006254401000000DM 00000000000000000000 01060806200028150620                    100620000000000400010400970010806200000250000000000000000000000000000000000000000000000000000000000000000000000000004000000000000000000000000000000000000000000000000000000010000000000000          0001026372666500000000000000000000000000000000000000000033
1022542123500018830940000316741000000                         00000005930101000000DM 00000000000000000000 01060806200014950620                    100620000000000360010400970010806200000250000000000000000000000000000000000000000000000000000000000000000000000000003600000000000000000000000000000000000000000000000000000010000000000000          0000136752462800000000000000000000000000000000000000000034
1022542123500018830940000316741000000                         00000006038201000000DM 00000000000000000000 01060806200017950620                    100620000000000360010400970010806200000250000000000000000000000000000000000000000000000000000000000000000000000000003600000000000000000000000000000000000000000000000000000010000000000000          0000027258068600000000000000000000000000000000000000000035
1022542123500018830940000316741000000                         00000006302301000000DM 00000000000000000000 01061006200004140620                    100620000000000400003334670011006200000250000000000000000000000000000000000000000000000000000000000000000000000000004000000000000000000000000000000000000000000000000000000010000000000000          0000303613564200000000000000000000000000000000000000000036
1022542123500018830940000316741000000                         00000005966601000000DM 00000000000000000000 01061006200001140620                    100620000000000360010400970011006200000250000000000000000000000000000000000000000000000000000000000000000000000000003600000000000000000000000000000000000000000000000000000010000000000000          0004897155363400000000000000000000000000000000000000000037
1022542123500018830940000316741000000                         00000006398001000000DM 00000000000000000000 01061006200030690620                    100620000000000400075630940011006200000250000000000000000000000000000000000000000000000000000000000000000000000000004000000000000000000000000000000000000000000000000000000010000000000000          0006037461660400000000000000000000000000000000000000000038
1022542123500018830940000316741000000                         00000006086601000000DM 00000000000000000000 01061006200011030620                    100620000000000360010400970011006200000250000000000000000000000000000000000000000000000000000000000000000000000000003600000000000000000000000000000000000000000000000000000010000000000000          0008715135969100000000000000000000000000000000000000000039
1022542123500018830940000316741000000                         00000006266201000000DM 00000000000000000000 01060906200030140620                    100620000000000400034109440010906200000250000000000000000000000000000000000000000000000000000000000000000000000000004000000000000000000000000000000000000000000000000000000010000000000000          0000506908968400000000000000000000000000000000000000000040
1022542123500018830940000316741000000                         00000006238601000000DM 00000000000000000000 01060906200017830220                    100220000000000360075630940010906200000250000000000000000000000000000000000000000000000000000000000000000000000000003603000000000000300000000000000000000000000000000000000010000000000000          0007674540669100000000000000000000000000000000000000000041
1022542123500018830940000316741000000                         00000006242601000000DM 00000000000000000000 01060906200017830620                    100620000000000360075630940010906200000250000000000000000000000000000000000000000000000000000000000000000000000000003600000000000000000000000000000000000000000000000000000010000000000000          0007674540669100000000000000000000000000000000000000000042
1022542123500018830940000316741000000                         00000006194701000000DM 00000000000000000000 01060906200009010620                    100620000000000360010400970010906200000250000000000000000000000000000000000000000000000000000000000000000000000000003600000000000000000000000000000000000000000000000000000010000000000000          0009470166060400000000000000000000000000000000000000000043
1022542123500018830940000316741000000                         00000005954801000000DM 00000000000000000000 01060906200028160620                    100620000000000400010400970010906200000250000000000000000000000000000000000000000000000000000000000000000000000000004000000000000000000000000000000000000000000000000000000010000000000000          0008257197068200000000000000000000000000000000000000000044
1022542123500018830940000316741000000                         00000004715801000000DM 00000000000000000000 01090806200002561219                    101219000000000324075630940010806200000100000000000000000000000000000000000000000000000000000000000000000000000000003240000000000000000000000000000000000000000000000000000010000000000000          0000474784860600000000000000000000000000000000000000000045
1022542123500018830940000316741000000                         00000004727601000000DM 00000000000000000000 01090806200004111219                    101219000000000374075630940010806200000100000000000000000000000000000000000000000000000000000000000000000000000000003740000000000000000000000000000000000000000000000000000010000000000000          0007246051260000000000000000000000000000000000000000000046
1022542123500018830940000316741000000                         00000004775001000000DM 00000000000000000000 01090806200004271219                    101219000000000324075630940010806200000100000000000000000000000000000000000000000000000000000000000000000000000000003240000000000000000000000000000000000000000000000000000010000000000000          0000329979965700000000000000000000000000000000000000000047
1022542123500018830940000316741000000                         00000004787801000000DM 00000000000000000000 01090806200004351219                    101219000000000324075630940010806200000100000000000000000000000000000000000000000000000000000000000000000000000000003240000000000000000000000000000000000000000000000000000010000000000000          0001514063611500000000000000000000000000000000000000000048
1022542123500018830940000316741000000                         00000004811001000000DM 00000000000000000000 01090806200004531219                    101219000000000374075630940010806200000100000000000000000000000000000000000000000000000000000000000000000000000000003740000000000000000000000000000000000000000000000000000010000000000000          0000786278560600000000000000000000000000000000000000000049
1022542123500018830940000316741000000                         00000004859301000000DM 00000000000000000000 01090806200005451219                    101219000000000324075630940010806200000100000000000000000000000000000000000000000000000000000000000000000000000000003240000000000000000000000000000000000000000000000000000010000000000000          0003013578866800000000000000000000000000000000000000000050
1022542123500018830940000316741000000                         00000004895901000000DM 00000000000000000000 01090806200006511219                    101219000000000324075630940010806200000100000000000000000000000000000000000000000000000000000000000000000000000000003240000000000000000000000000000000000000000000000000000010000000000000          0006345744697000000000000000000000000000000000000000000051
1022542123500018830940000316741000000                         00000004907201000000DM 00000000000000000000 01090806200007011219                    101219000000000324075630940010806200000100000000000000000000000000000000000000000000000000000000000000000000000000003240000000000000000000000000000000000000000000000000000010000000000000          0006529267760400000000000000000000000000000000000000000052
1022542123500018830940000316741000000                         00000005027201000000DM 00000000000000000000 01090806200010461219                    101219000000000324075630940010806200000100000000000000000000000000000000000000000000000000000000000000000000000000003240000000000000000000000000000000000000000000000000000010000000000000          0000013014064300000000000000000000000000000000000000000053
1022542123500018830940000316741000000                         00000005075601000000DM 00000000000000000000 01090806200011061219                    101219000000000324075630940010806200000100000000000000000000000000000000000000000000000000000000000000000000000000003240000000000000000000000000000000000000000000000000000010000000000000          0000306014564400000000000000000000000000000000000000000054
1022542123500018830940000316741000000                         00000005099201000000DM 00000000000000000000 01090806200012341219                    101219000000000324075630940010806200000100000000000000000000000000000000000000000000000000000000000000000000000000003240000000000000000000000000000000000000000000000000000010000000000000          0008461066260400000000000000000000000000000000000000000055
1022542123500018830940000316741000000                         00000005135301000000DM 00000000000000000000 01090806200014431219                    101219000000000324075630940010806200000100000000000000000000000000000000000000000000000000000000000000000000000000003240000000000000000000000000000000000000000000000000000010000000000000          0000696140365400000000000000000000000000000000000000000056
1022542123500018830940000316741000000                         00000005544701000000DM 00000000000000000000 01090806200027501219                    101219000000000374075630940010806200000100000000000000000000000000000000000000000000000000000000000000000000000000003740000000000000000000000000000000000000000000000000000010000000000000          0000282899960200000000000000000000000000000000000000000057
1022542123500018830940000316741000000                         00000005604401000000DM 00000000000000000000 01090806200028971219                    101219000000000374075630940010806200000100000000000000000000000000000000000000000000000000000000000000000000000000003740000000000000000000000000000000000000000000000000000010000000000000          0005968516666800000000000000000000000000000000000000000058
1022542123500018830940000316741000000                         00000005628001000000DM 00000000000000000000 01090806200029061219                    101219000000000374075630940010806200000100000000000000000000000000000000000000000000000000000000000000000000000000003740000000000000000000000000000000000000000000000000000010000000000000          0007331229087200000000000000000000000000000000000000000059
1022542123500018830940000316741000000                         00000005640001000000DM 00000000000000000000 01090806200029631219                    101219000000000374075630940010806200000100000000000000000000000000000000000000000000000000000000000000000000000000003740000000000000000000000000000000000000000000000000000010000000000000          0000559499965500000000000000000000000000000000000000000060
1022542123500018830940000316741000000                         00000005688201000000DM 00000000000000000000 01090806200030331219                    101219000000000374075630940010806200000100000000000000000000000000000000000000000000000000000000000000000000000000003740000000000000000000000000000000000000000000000000000010000000000000          0008285259668700000000000000000000000000000000000000000061
1022542123500018830940000316741000000                         00000005700701000000DM 00000000000000000000 01090806200030681219                    101219000000000374075630940010806200000100000000000000000000000000000000000000000000000000000000000000000000000000003740000000000000000000000000000000000000000000000000000010000000000000          0000377887650300000000000000000000000000000000000000000062
1022542123500018830940000316741000000                         00000005720401000000DM 00000000000000000000 01090806200030701219                    101219000000000374075630940010806200000100000000000000000000000000000000000000000000000000000000000000000000000000003740000000000000000000000000000000000000000000000000000010000000000000          0001212798465000000000000000000000000000000000000000000063
1022542123500018830940000316741000000                         00000005744001000000DM 00000000000000000000 01090806200029221219                    101219000000000374075630940010806200000100000000000000000000000000000000000000000000000000000000000000000000000000003740000000000000000000000000000000000000000000000000000010000000000000          0005554795862000000000000000000000000000000000000000000064
9027563094SICOOB CREDIARA          R D BOSCO                                         Centro                        38183228Araxá                         MG150620200000006300000000113                                                                                                                                                                                                                    000065
