02RETORNO01COBRANÇA       30940000327964316741J REZENDE                     756 - BANCOOB S/A 1506200000411                                                                                                                                                                                                                                                                                               000001
1022542123500018830940000316741000000                         00000006793001000000DM 00000000000000000000 01061206201000150520                    100620000000000380000142020011206200000250000000000000000000000000000000000000000000000000000000000000000000000000003803000000000000300000000000000000000000000000000000000010000000000000          7097303700093900000000000000000000000000000000000000000002
1022542123500018830940000316741000000                         00000006050101000000DM 00000000000000000000 01061206200024530620                    100620000000000400010400970011206200000250000000000000000000000000000000000000000000000000000000000000000000000000004004000000000000400000000000000000000000000000000000000010000000000000          0003607094764900000000000000000000000000000000000000000003
9027563094SICOOB CREDIARA          R D BOSCO                                         Centro                        38183228Araxá                         MG150620200000000200000000113                                                                                                                                                                                                                    000004
