02RETORNO01COBRANÇA       30940000327964316741J REZENDE - ME                756 - BANCOOB S/A 1809170000159                                                                                                                                                                                                                                                                                               000001
1022542123500018830940000316741000000                         00000002216801000000DM 00000000000000000000 01061209170014420917                    100917000000000294075630940011209170000250000000000000000000000000000000000000000000000000000000000000000000000000003254000000000031400000000000000000000000000000000000000010000000000000          0000534757766500000000000000000000000000000000000000000002
1022542123500018830940000316741000000                         00000000254001000000DM 00000000000000000000 01061209170003720917                    100917000000000294010400970011209170000250000000000000000000000000000000000000000000000000000000000000000000000000002942000000000000200000000000000000000000000000000000000010000000000000          0000595338569200000000000000000000000000000000000000000003
1022542123500018830940000316741000000                         00000002646601000000DM 00000000000000000000 01061209170029060917                    100917000000000349075630940011209170000250000000000000000000000000000000000000000000000000000000000000000000000000003841000000000035100000000000000000000000000000000000000010000000000000          0007331229087200000000000000000000000000000000000000000004
1022542123500018830940000316741000000                         00000000905101000000DM 00000000000000000000 01061209170012280917                    100917000000000349075630940011209170000250000000000000000000000000000000000000000000000000000000000000000000000000003863000000000037300000000000000000000000000000000000000010000000000000          0000488266564600000000000000000000000000000000000000000005
9027563094SICOOB CREDIARA          RUA MARIA RITA DE AGUIAR                          CENTRO                        38183236ARAXÁ                         MG180920170000000400000000113                                                                                                                                                                                                                    000006
