02RETORNO01COBRANÇA       30940000327964316741J REZENDE - ME                756 - BANCOOB S/A 0902170000045                                                                                                                                                                                                                                                                                               000001
1022542123500018830940000316741000000                         00000000163401000000DM 00000000000000000000 01100802170001140217                    100217000000000294075630940010802170000100000000000000000000000000000000000000000000000000000000000000000000000000002940000000000000000000000000000000000000000000000000000010000000000000          0004897155363400000000000000000000000000000000000000000002
1022542123500018830940000316741000000                         00000000802801000000DM 00000000000000000000 01060802170011030217                    100217000000000294063400190010802170000250000000000000000000000000000000000000000000000000000000000000000000000000002940000000000000000000000000000000000000000000000000000010000000000000          0008715135969100000000000000000000000000000000000000000003
1022542123500018830940000316741000000                         00000000271501000000DM 00000000000000000000 01100802170004110217                    100217000000000349075630940010802170000100000000000000000000000000000000000000000000000000000000000000000000000000003490000000000000000000000000000000000000000000000000000010000000000000          0007246051260000000000000000000000000000000000000000000004
1022542123500018830940000316741000000                         00000001558301000000DM 00000000000000000000 01060802170028890217                    100217000000000349010400970010802170000250000000000000000000000000000000000000000000000000000000000000000000000000003490000000000000000000000000000000000000000000000000000010000000000000          0000564891363000000000000000000000000000000000000000000005
1022542123500018830940000316741000000                         00000001079901000000DM 00000000000000000000 01060802170015740317                    100317000000000294010400970010802170000250000000000000000000000000000000000000000000000000000000000000000000000000002940000000000000000000000000000000000000000000000000000010000000000000          0003615826760000000000000000000000000000000000000000000006
1022542123500018830940000316741000000                         00000001102401000000DM 00000000000000000000 01060802170015980217                    100217000000000294010400970010802170000250000000000000000000000000000000000000000000000000000000000000000000000000002940000000000000000000000000000000000000000000000000000010000000000000          0007886934067800000000000000000000000000000000000000000007
1022542123500018830940000316741000000                         00000002357101000000DM 00000000000000000000 01060802170027500217                    100217000000000349010400970010802170000250000000000000000000000000000000000000000000000000000000000000000000000000003490000000000000000000000000000000000000000000000000000010000000000000          0000282899960200000000000000000000000000000000000000000008
1022542123500018830940000316741000000                         00000000874801000000DM 00000000000000000000 01060802170012100217                    100217000000000294010400970010802170000250000000000000000000000000000000000000000000000000000000000000000000000000002940000000000000000000000000000000000000000000000000000010000000000000          0007188717265300000000000000000000000000000000000000000009
1022542123500018830940000316741000000                         00000000982901000000DM 00000000000000000000 01060802170024530217                    100217000000000349010400970010802170000250000000000000000000000000000000000000000000000000000000000000000000000000003490000000000000000000000000000000000000000000000000000010000000000000          0003607094764900000000000000000000000000000000000000000010
1022542123500018830940000316741000000                         00000001342201000000DM 00000000000000000000 01100802170022730217                    100217000000000349075630940010802170000100000000000000000000000000000000000000000000000000000000000000000000000000003490000000000000000000000000000000000000000000000000000010000000000000          0008144163060000000000000000000000000000000000000000000011
1022542123500018830940000316741000000                         00000001666401000000DM 00000000000000000000 01100802170029630217                    100217000000000349075630940010802170000100000000000000000000000000000000000000000000000000000000000000000000000000003490000000000000000000000000000000000000000000000000000010000000000000          0000559499965500000000000000000000000000000000000000000012
1022542123500018830940000316741000000                         00000002197201000000DM 00000000000000000000 01060802170027360217                    100217000000000349010400970010802170000250000000000000000000000000000000000000000000000000000000000000000000000000003490000000000000000000000000000000000000000000000000000010000000000000          0006724457262000000000000000000000000000000000000000000013
1022542123500018830940000316741000000                         00000001090001000000DM 00000000000000000000 01060802170015840217                    100217000000000294010400970010802170000250000000000000000000000000000000000000000000000000000000000000000000000000002940000000000000000000000000000000000000000000000000000010000000000000          0006872201061000000000000000000000000000000000000000000014
1022542123500018830940000316741000000                         00000000476501000000DM 00000000000000000000 01060802170007430217                    100217000000000294003334670010802170000250000000000000000000000000000000000000000000000000000000000000000000000000002940000000000000000000000000000000000000000000000000000010000000000000          0000653259166100000000000000000000000000000000000000000015
1022542123500018830940000316741000000                         00000001654601000000DM 00000000000000000000 01060802170029300217                    100217000000000349010400970010802170000250000000000000000000000000000000000000000000000000000000000000000000000000003490000000000000000000000000000000000000000000000000000010000000000000          0000809615061800000000000000000000000000000000000000000016
1022542123500018830940000316741000000                         00000002101601000000DM 00000000000000000000 01060802170026710217                    100217000000000349010400970010802170000250000000000000000000000000000000000000000000000000000000000000000000000000003490000000000000000000000000000000000000000000000000000010000000000000          0005764341515300000000000000000000000000000000000000000017
1022542123500018830940000316741000000                         00000001921901000000DM 00000000000000000000 01060802170025200217                    100217000000000349010400970010802170000250000000000000000000000000000000000000000000000000000000000000000000000000003490000000000000000000000000000000000000000000000000000010000000000000          0003021597866800000000000000000000000000000000000000000018
1022542123500018830940000316741000000                         00000001993901000000DM 00000000000000000000 01060802170025920217                    100217000000000349034109440010802170000250000000000000000000000000000000000000000000000000000000000000000000000000003490000000000000000000000000000000000000000000000000000010000000000000          0009838358266800000000000000000000000000000000000000000019
1022542123500018830940000316741000000                         00000002503801000000DM 00000000000000000000 01060802170030430217                    100217000000000349023716910010802170000250000000000000000000000000000000000000000000000000000000000000000000000000003490000000000000000000000000000000000000000000000000000010000000000000          0000394635469600000000000000000000000000000000000000000020
1022542123500018830940000316741000000                         00000001774501000000DM 00000000000000000000 01100802170030140217                    260217000000000349075630940010802170000100000000000000000000000000000000000000000000000000000000000000000000000000003490000000000000000000000000000000000000000000000000000010000000000000          0000506908968400000000000000000000000000000000000000000021
9027563094SICOOB CREDIARA          RUA MARIA RITA DE AGUIAR                          CENTRO                        38183236ARAXÁ                         MG090220170000002000000000113                                                                                                                                                                                                                    000022
