02RETORNO01COBRANÇA       30940000327964316741INOVA TECNOLOGIA DE INFORMACAO756 - BANCOOB S/A 2507220000552                                                                                                                                                                                                                                                                                               000001
1022542123500018830940000316741000000                         00000007787501000000DM 00000000000000000000 01062406220022690622                    100622000000000420010400970012406220000250000000000000000000000000000000000000000000000000000000000000000000000000004204000000000000400000000000000000000000000000000000000010000000000000          0006307307269100000000000000000000000000000000000000000002
9027563094SICOOB CREDIARA          R D BOSCO                                         Centro                        38183228Araxá                         MG250720220000000100000000113                                                                                                                                                                                                                    000003
