02RETORNO01COBRANÇA       30940000327964316741INOVA TECNOLOGIA DE INFORMACAO756 - BANCOOB S/A 2507220000553                                                                                                                                                                                                                                                                                               000001
1022542123500018830940000316741000000                         00000007990101000000DM 00000000000000000000 01060107220005350722                    100722000000000400075630940010107220000250000000000000000000000000000000000000000000000000000000000000000000000000004000000000000000000000000000000000000000000000000000000010000000000000          0000659773163800000000000000000000000000000000000000000002
1022542123500018830940000316741000000                         00000007728001000000DM 00000000000000000000 01060107220028820722                    100722000000000420010400970010107220000250000000000000000000000000000000000000000000000000000000000000000000000000004200000000000000000000000000000000000000000000000000000010000000000000          0008182941865300000000000000000000000000000000000000000003
1022542123500018830940000316741000000                         00000007870201000000DM 00000000000000000000 01060107220011610722                    100722000000000400010400970010107220000250000000000000000000000000000000000000000000000000000000000000000000000000004000000000000000000000000000000000000000000000000000000010000000000000          0004342743060000000000000000000000000000000000000000000004
1022542123500018830940000316741000000                         00000007882001000000DM 00000000000000000000 01060107220014580722                    100722000000000400010400970010107220000250000000000000000000000000000000000000000000000000000000000000000000000000004000000000000000000000000000000000000000000000000000000010000000000000          0002361630010000000000000000000000000000000000000000000005
9027563094SICOOB CREDIARA          R D BOSCO                                         Centro                        38183228Araxá                         MG250720220000000400000000113                                                                                                                                                                                                                    000006
