02RETORNO01COBRANÇA       30940000327964316741INOVA TECNOLOGIA DE INFORMACAO756 - BANCOOB S/A 2507220000556                                                                                                                                                                                                                                                                                               000001
1022542123500018830940000316741000000                         00000007716201000000DM 00000000000000000000 01061807220028150722                    100722000000000420010400970011807220000250000000000000000000000000000000000000000000000000000000000000000000000000004204000000000000400000000000000000000000000000000000000010000000000000          0001026372666500000000000000000000000000000000000000000002
9027563094SICOOB CREDIARA          R D BOSCO                                         Centro                        38183228Araxá                         MG250720220000000100000000113                                                                                                                                                                                                                    000003
