02RETORNO01COBRANÇA       30940000327964316741INOVA TECNOLOGIA DE INFORMACAO756 - BANCOOB S/A 2507220000555                                                                                                                                                                                                                                                                                               000001
1022542123500018830940000316741000000                         00000007761401000000DM 00000000000000000000 01061207220027000422                    100422000000000420010400970011207220000250000000000000000000000000000000000000000000000000000000000000000000000000004204000000000000400000000000000000000000000000000000000010000000000000          0000487456467400000000000000000000000000000000000000000002
1022542123500018830940000316741000000                         00000007942801000000DM 00000000000000000000 01061207220011030722                    100722000000000400010400970011207220000250000000000000000000000000000000000000000000000000000000000000000000000000004004000000000000400000000000000000000000000000000000000010000000000000          0008715135969100000000000000000000000000000000000000000003
1022542123500018830940000316741000000                         00000007762101000000DM 00000000000000000000 01061207220027000522                    100522000000000420010400970011207220000250000000000000000000000000000000000000000000000000000000000000000000000000004204000000000000400000000000000000000000000000000000000010000000000000          0000487456467400000000000000000000000000000000000000000004
1022542123500018830940000316741000000                         00000007966401000000DM 00000000000000000000 01061207220000410722                    100722000000000400010400970011207220000250000000000000000000000000000000000000000000000000000000000000000000000000004004000000000000400000000000000000000000000000000000000010000000000000          0000565324365500000000000000000000000000000000000000000005
1022542123500018830940000316741000000                         00000007740001000000DM 00000000000000000000 01061107220029010722                    100722000000000420010400970011107220000250000000000000000000000000000000000000000000000000000000000000000000000000004200000000000000000000000000000000000000000000000000000010000000000000          0002483652468700000000000000000000000000000000000000000006
1022542123500018830940000316741000000                         00000008123201000000DM 00000000000000000000 01061107221000280722                    110722000000000558013657310011107220000250000000000000000000000000000000000000000000000000000000000000000000000000005580000000000000000000000000000000000000000000000000000010000000000000          0581273600018800000000000000000000000000000000000000000007
1022542123500018830940000316741000000                         00000007978201000000DM 00000000000000000000 01061107220004160722                    100722000000000400008100010011107220000250000000000000000000000000000000000000000000000000000000000000000000000000004000000000000000000000000000000000000000000000000000000010000000000000          0009147587261500000000000000000000000000000000000000000008
1022542123500018830940000316741000000                         00000007668301000000DM 00000000000000000000 01061107220023040722                    100722000000000420010400970011107220000250000000000000000000000000000000000000000000000000000000000000000000000000004200000000000000000000000000000000000000000000000000000010000000000000          0004225353567200000000000000000000000000000000000000000009
1022542123500018830940000316741000000                         00000008120001000000DM 00000000000000000000 01061107221000100622                    110722000000000400075684530011107220000250000000000000000000000000000000000000000000000000000000000000000000000000004000000000000000000000000000000000000000000000000000000010000000000000          7097303700034300000000000000000000000000000000000000000010
1022542123500018830940000316741000000                         00000008119201000000DM 00000000000000000000 01061107221000070622                    110722000000000400075684530011107220000250000000000000000000000000000000000000000000000000000000000000000000000000004000000000000000000000000000000000000000000000000000000010000000000000          7097303700069600000000000000000000000000000000000000000011
1022542123500018830940000316741000000                         00000007638201000000DM 00000000000000000000 01091107220010200122                    100122000000000420075630940011107220000100000000000000000000000000000000000000000000000000000000000000000000000000004200000000000000000000000000000000000000000000000000000010000000000000          0003616071763400000000000000000000000000000000000000000012
1022542123500018830940000316741000000                         00000007674801000000DM 00000000000000000000 01091107220024530122                    100122000000000420075630940011107220000100000000000000000000000000000000000000000000000000000000000000000000000000004200000000000000000000000000000000000000000000000000000010000000000000          0003607094764900000000000000000000000000000000000000000013
1022542123500018830940000316741000000                         00000007770001000000DM 00000000000000000000 01091107220028160122                    100122000000000420075630940011107220000100000000000000000000000000000000000000000000000000000000000000000000000000004200000000000000000000000000000000000000000000000000000010000000000000          0008257197068200000000000000000000000000000000000000000014
1022542123500018830940000316741000000                         00000007794701000000DM 00000000000000000000 01091107220004530122                    100122000000000420075630940011107220000100000000000000000000000000000000000000000000000000000000000000000000000000004200000000000000000000000000000000000000000000000000000010000000000000          0000786278560600000000000000000000000000000000000000000015
1022542123500018830940000316741000000                         00000007840101000000DM 00000000000000000000 01091107220029630122                    100122000000000420075630940011107220000100000000000000000000000000000000000000000000000000000000000000000000000000004200000000000000000000000000000000000000000000000000000010000000000000          0000559499965500000000000000000000000000000000000000000016
1022542123500018830940000316741000000                         00000007924501000000DM 00000000000000000000 01091107220014700122                    100122000000000400075630940011107220000100000000000000000000000000000000000000000000000000000000000000000000000000004000000000000000000000000000000000000000000000000000000010000000000000          0008318973461500000000000000000000000000000000000000000017
1022542123500018830940000316741000000                         00000007948101000000DM 00000000000000000000 01091107220001140122                    100122000000000400075630940011107220000100000000000000000000000000000000000000000000000000000000000000000000000000004000000000000000000000000000000000000000000000000000000010000000000000          0004897155363400000000000000000000000000000000000000000018
1022542123500018830940000316741000000                         00000007960001000000DM 00000000000000000000 01091107220000410122                    100122000000000400075630940011107220000100000000000000000000000000000000000000000000000000000000000000000000000000004000000000000000000000000000000000000000000000000000000010000000000000          0000565324365500000000000000000000000000000000000000000019
1022542123500018830940000316741000000                         00000007984701000000DM 00000000000000000000 01091107220005350122                    100122000000000400075630940011107220000100000000000000000000000000000000000000000000000000000000000000000000000000004000000000000000000000000000000000000000000000000000000010000000000000          0000659773163800000000000000000000000000000000000000000020
1022542123500018830940000316741000000                         00000007996501000000DM 00000000000000000000 01091107220022820122                    100122000000000400075630940011107220000100000000000000000000000000000000000000000000000000000000000000000000000000004000000000000000000000000000000000000000000000000000000010000000000000          0007188059365300000000000000000000000000000000000000000021
1022542123500018830940000316741000000                         00000008008001000000DM 00000000000000000000 01091107220005450122                    100122000000000400075630940011107220000100000000000000000000000000000000000000000000000000000000000000000000000000004000000000000000000000000000000000000000000000000000000010000000000000          0003013578866800000000000000000000000000000000000000000022
1022542123500018830940000316741000000                         00000008020901000000DM 00000000000000000000 01091107220008690122                    100122000000000400075630940011107220000100000000000000000000000000000000000000000000000000000000000000000000000000004000000000000000000000000000000000000000000000000000000010000000000000          0000027442861000000000000000000000000000000000000000000023
1022542123500018830940000316741000000                         00000008032701000000DM 00000000000000000000 01091107220022630122                    100122000000000400075630940011107220000100000000000000000000000000000000000000000000000000000000000000000000000000004000000000000000000000000000000000000000000000000000000010000000000000          0002485828563400000000000000000000000000000000000000000024
1022542123500018830940000316741000000                         00000008047701000000DM 00000000000000000000 01091107221000181221                    100122000000003060075630940011107220000100000000000000000000000000000000000000000000000000000000000000000000000000030600000000000000000000000000000000000000000000000000000010000000000000          1823706600016500000000000000000000000000000000000000000025
1022542123500018830940000316741000000                         00000008121801000000DM 00000000000000000000 01061107221000150622                    110722000000000400075684530011107220000250000000000000000000000000000000000000000000000000000000000000000000000000004000000000000000000000000000000000000000000000000000000010000000000000          7097303700093900000000000000000000000000000000000000000026
1022542123500018830940000316741000000                         00000008122501000000DM 00000000000000000000 01060807221000250622                    110722000000001045010400970010807220000250000000000000000000000000000000000000000000000000000000000000000000000000010450000000000000000000000000000000000000000000000000000010000000000000          2604146700017300000000000000000000000000000000000000000027
1022542123500018830940000316741000000                         00000007608101000000DM 00000000000000000000 01060807220006480722                    100722000000000420010400970010807220000250000000000000000000000000000000000000000000000000000000000000000000000000004200000000000000000000000000000000000000000000000000000010000000000000          0001612677762000000000000000000000000000000000000000000028
1022542123500018830940000316741000000                         00000007918001000000DM 00000000000000000000 01060807220009010722                    100722000000000400010400970010807220000250000000000000000000000000000000000000000000000000000000000000000000000000004000000000000000000000000000000000000000000000000000000010000000000000          0009470166060400000000000000000000000000000000000000000029
9027563094SICOOB CREDIARA          R D BOSCO                                         Centro                        38183228Araxá                         MG250720220000002800000000113                                                                                                                                                                                                                    000030
