02RETORNO01COBRANÇA       30940000327964316741INOVA TECNOLOGIA DE INFORMACAO756 - BANCOOB S/A 2507220000554                                                                                                                                                                                                                                                                                               000001
1022542123500018830940000316741000000                         00000008122501000000DM 00000000000000000000 01060807221000250622                    110722000000001045010400970010807220000250000000000000000000000000000000000000000000000000000000000000000000000000010450000000000000000000000000000000000000000000000000000010000000000000          2604146700017300000000000000000000000000000000000000000002
1022542123500018830940000316741000000                         00000007608101000000DM 00000000000000000000 01060807220006480722                    100722000000000420010400970010807220000250000000000000000000000000000000000000000000000000000000000000000000000000004200000000000000000000000000000000000000000000000000000010000000000000          0001612677762000000000000000000000000000000000000000000003
1022542123500018830940000316741000000                         00000007918001000000DM 00000000000000000000 01060807220009010722                    100722000000000400010400970010807220000250000000000000000000000000000000000000000000000000000000000000000000000000004000000000000000000000000000000000000000000000000000000010000000000000          0009470166060400000000000000000000000000000000000000000004
1022542123500018830940000316741000000                         00000007644701000000DM 00000000000000000000 01060707220010200722                    100722000000000420010400970010707220000250000000000000000000000000000000000000000000000000000000000000000000000000004200000000000000000000000000000000000000000000000000000010000000000000          0003616071763400000000000000000000000000000000000000000005
1022542123500018830940000316741000000                         00000007620001000000DM 00000000000000000000 01060707220008470722                    100722000000000420010400970010707220000250000000000000000000000000000000000000000000000000000000000000000000000000004200000000000000000000000000000000000000000000000000000010000000000000          0000150671660100000000000000000000000000000000000000000006
1022542123500018830940000316741000000                         00000007954601000000DM 00000000000000000000 01060707220001140722                    100722000000000400010400970010707220000250000000000000000000000000000000000000000000000000000000000000000000000000004000000000000000000000000000000000000000000000000000000010000000000000          0004897155363400000000000000000000000000000000000000000007
1022542123500018830940000316741000000                         00000008087101000000DM 00000000000000000000 01060607220035830622                    170622000000000420075630940010607220000250000000000000000000000000000000000000000000000000000000000000000000000000004204000000000000400000000000000000000000000000000000000010000000000000          0001164956566600000000000000000000000000000000000000000008
1022542123500018830940000316741000000                         00000007596801000000DM 00000000000000000000 01060607220002360722                    100722000000000420010400970010607220000250000000000000000000000000000000000000000000000000000000000000000000000000004200000000000000000000000000000000000000000000000000000010000000000000          0000569370264200000000000000000000000000000000000000000009
1022542123500018830940000316741000000                         00000007834701000000DM 00000000000000000000 01060607220035800722                    100722000000000420010400970010607220000250000000000000000000000000000000000000000000000000000000000000000000000000004200000000000000000000000000000000000000000000000000000010000000000000          0008803228063400000000000000000000000000000000000000000010
1022542123500018830940000316741000000                         00000007906201000000DM 00000000000000000000 01060507220005190722                    100722000000000400010400970010507220000250000000000000000000000000000000000000000000000000000000000000000000000000004000000000000000000000000000000000000000000000000000000010000000000000          0007188477760000000000000000000000000000000000000000000011
1022542123500018830940000316741000000                         00000007692001000000DM 00000000000000000000 01060407220025270722                    100722000000000420010400970010407220000250000000000000000000000000000000000000000000000000000000000000000000000000004200000000000000000000000000000000000000000000000000000010000000000000          0000677178867900000000000000000000000000000000000000000012
9027563094SICOOB CREDIARA          R D BOSCO                                         Centro                        38183228Araxá                         MG250720220000001100000000113                                                                                                                                                                                                                    000013
