02RETORNO01COBRANÇA       30940000327964316741J REZENDE                     756 - BANCOOB S/A 0903200000386                                                                                                                                                                                                                                                                                               000001
1022542123500018830940000316741000000                         00000005915001000000DM 00000000000000000000 01060203200014580320                    100320000000000360010400970010203200000250000000000000000000000000000000000000000000000000000000000000000000000000003600000000000000000000000000000000000000000000000000000010000000000000          0002361630010000000000000000000000000000000000000000000002
1022542123500018830940000316741000000                         00000006095201000000DM 00000000000000000000 01060603200016360320                    100320000000000400010400970010603200000250000000000000000000000000000000000000000000000000000000000000000000000000004000000000000000000000000000000000000000000000000000000010000000000000          0004340692069100000000000000000000000000000000000000000003
1022542123500018830940000316741000000                         00000006023201000000DM 00000000000000000000 01060403200013270320                    100320000000000360010400970010403200000250000000000000000000000000000000000000000000000000000000000000000000000000003600000000000000000000000000000000000000000000000000000010000000000000          0005974586069700000000000000000000000000000000000000000004
1022542123500018830940000316741000000                         00000006071601000000DM 00000000000000000000 01060203200010210320                    100320000000000360010400970010203200000250000000000000000000000000000000000000000000000000000000000000000000000000003600000000000000000000000000000000000000000000000000000010000000000000          0007187518269100000000000000000000000000000000000000000005
1022542123500018830940000316741000000                         00000005999901000000DM 00000000000000000000 01060203200026740320                    100320000000000400023716910010203200000250000000000000000000000000000000000000000000000000000000000000000000000000004000000000000000000000000000000000000000000000000000000010000000000000          0000954360460600000000000000000000000000000000000000000006
1022542123500018830940000316741000000                         00000006059701000000DM 00000000000000000000 01060203200005190320                    100320000000000360010400970010203200000250000000000000000000000000000000000000000000000000000000000000000000000000003600000000000000000000000000000000000000000000000000000010000000000000          0007188477760000000000000000000000000000000000000000000007
1022542123500018830940000316741000000                         00000006765401000000DM 00000000000000000000 01060603201000250220                    100320000000000726010400970010603200000250000000000000000000000000000000000000000000000000000000000000000000000000007260000000000000000000000000000000000000000000000000000010000000000000          2604146700017300000000000000000000000000000000000000000008
1022542123500018830940000316741000000                         00000006107601000000DM 00000000000000000000 01060403200028820320                    100320000000000400010400970010403200000250000000000000000000000000000000000000000000000000000000000000000000000000004000000000000000000000000000000000000000000000000000000010000000000000          0002486093060600000000000000000000000000000000000000000009
1022542123500018830940000316741000000                         00000006035001000000DM 00000000000000000000 01060303200017950320                    100320000000000360010400970010303200000250000000000000000000000000000000000000000000000000000000000000000000000000003600000000000000000000000000000000000000000000000000000010000000000000          0000027258068600000000000000000000000000000000000000000010
1022542123500018830940000316741000000                         00000005963401000000DM 00000000000000000000 01060403200001140320                    100320000000000360010400970010403200000250000000000000000000000000000000000000000000000000000000000000000000000000003600000000000000000000000000000000000000000000000000000010000000000000          0004897155363400000000000000000000000000000000000000000011
1022542123500018830940000316741000000                         00000005951601000000DM 00000000000000000000 01060603200028160320                    100320000000000400010400970010603200000250000000000000000000000000000000000000000000000000000000000000000000000000004000000000000000000000000000000000000000000000000000000010000000000000          0008257197068200000000000000000000000000000000000000000012
1022542123500018830940000316741000000                         00000005987001000000DM 00000000000000000000 01060403200025270320                    100320000000000400010400970010403200000250000000000000000000000000000000000000000000000000000000000000000000000000004000000000000000000000000000000000000000000000000000000010000000000000          0000677178867900000000000000000000000000000000000000000013
1022542123500018830940000316741000000                         00000006634401000000DM 00000000000000000000 01060503200002360320                    100320000000000400010400970010503200000250000000000000000000000000000000000000000000000000000000000000000000000000004000000000000000000000000000000000000000000000000000000010000000000000          0000569370264200000000000000000000000000000000000000000014
1022542123500018830940000316741000000                         00000006335601000000DM 00000000000000000000 01060403200010920320                    100320000000000360010400970010403200000250000000000000000000000000000000000000000000000000000000000000000000000000003600000000000000000000000000000000000000000000000000000010000000000000          0007570230469100000000000000000000000000000000000000000015
1022542123500018830940000316741000000                         00000006538101000000DM 00000000000000000000 01060203200010620320                    100320000000000360000102100010203200000250000000000000000000000000000000000000000000000000000000000000000000000000003600000000000000000000000000000000000000000000000000000010000000000000          0000055756263500000000000000000000000000000000000000000016
1022542123500018830940000316741000000                         00000006573001000000DM 00000000000000000000 01060203200026050220                    100220000000000400075640790010203200000250000000000000000000000000000000000000000000000000000000000000000000000000004004000000000000400000000000000000000000000000000000000010000000000000          0000258153466400000000000000000000000000000000000000000017
1022542123500018830940000316741000000                         00000006646201000000DM 00000000000000000000 01060303200004220320                    100320000000000360023716910010303200000250000000000000000000000000000000000000000000000000000000000000000000000000003600000000000000000000000000000000000000000000000000000010000000000000          0007415855469100000000000000000000000000000000000000000018
1022542123500018830940000316741000000                         00000006323801000000DM 00000000000000000000 01060503200005930320                    100320000000000360010400970010503200000250000000000000000000000000000000000000000000000000000000000000000000000000003600000000000000000000000000000000000000000000000000000010000000000000          0003023575860400000000000000000000000000000000000000000019
9027563094SICOOB CREDIARA          R D BOSCO                                         Centro                        38183228Araxá                         MG090320200000001800000000113                                                                                                                                                                                                                    000020
