02RETORNO01COBRANÇA       30940000327964316741J REZENDE                     756 - BANCOOB S/A 1103200000387                                                                                                                                                                                                                                                                                               000001
1022542123500018830940000316741000000                         00000004724401000000DM 00000000000000000000 01090903200004110919                    100919000000000374075630940010903200000100000000000000000000000000000000000000000000000000000000000000000000000000003740000000000000000000000000000000000000000000000000000010000000000000          0007246051260000000000000000000000000000000000000000000002
1022542123500018830940000316741000000                         00000005661401000000DM 00000000000000000000 01090903200029710919                    100919000000000374075630940010903200000100000000000000000000000000000000000000000000000000000000000000000000000000003740000000000000000000000000000000000000000000000000000010000000000000          0002729840060600000000000000000000000000000000000000000003
1022542123500018830940000316741000000                         00000006179601000000DM 00000000000000000000 01060903200008390320                    100320000000000360010400970010903200000250000000000000000000000000000000000000000000000000000000000000000000000000003600000000000000000000000000000000000000000000000000000010000000000000          0004904386264900000000000000000000000000000000000000000004
1022542123500018830940000316741000000                         00000006191501000000DM 00000000000000000000 01060903200009010320                    100320000000000360023716910010903200000250000000000000000000000000000000000000000000000000000000000000000000000000003600000000000000000000000000000000000000000000000000000010000000000000          0009470166060400000000000000000000000000000000000000000005
1022542123500018830940000316741000000                         00000006299501000000DM 00000000000000000000 01061003200004140320                    100320000000000400003334670011003200000250000000000000000000000000000000000000000000000000000000000000000000000000004000000000000000000000000000000000000000000000000000000010000000000000          0000303613564200000000000000000000000000000000000000000006
1022542123500018830940000316741000000                         00000005717101000000DM 00000000000000000000 01090903200030700919                    100919000000000374075630940010903200000100000000000000000000000000000000000000000000000000000000000000000000000000003740000000000000000000000000000000000000000000000000000010000000000000          0001212798465000000000000000000000000000000000000000000007
1022542123500018830940000316741000000                         00000005265601000000DM 00000000000000000000 01090903200017340919                    100919000000000324075630940010903200000100000000000000000000000000000000000000000000000000000000000000000000000000003240000000000000000000000000000000000000000000000000000010000000000000          0006300667766800000000000000000000000000000000000000000008
1022542123500018830940000316741000000                         00000005313501000000DM 00000000000000000000 01090903200022660919                    100919000000000374075630940010903200000100000000000000000000000000000000000000000000000000000000000000000000000000003740000000000000000000000000000000000000000000000000000010000000000000          0004170441060600000000000000000000000000000000000000000009
1022542123500018830940000316741000000                         00000005024001000000DM 00000000000000000000 01090903200010460919                    100919000000000324075630940010903200000100000000000000000000000000000000000000000000000000000000000000000000000000003240000000000000000000000000000000000000000000000000000010000000000000          0000013014064300000000000000000000000000000000000000000010
1022542123500018830940000316741000000                         00000005060601000000DM 00000000000000000000 01090903200011030919                    100919000000000324075630940010903200000100000000000000000000000000000000000000000000000000000000000000000000000000003240000000000000000000000000000000000000000000000000000010000000000000          0008715135969100000000000000000000000000000000000000000011
1022542123500018830940000316741000000                         00000006347401000000DM 00000000000000000000 01061003200014700320                    100320000000000360010400970011003200000250000000000000000000000000000000000000000000000000000000000000000000000000003600000000000000000000000000000000000000000000000000000010000000000000          0008318973461500000000000000000000000000000000000000000012
1022542123500018830940000316741000000                         00000004856101000000DM 00000000000000000000 01090903200005450919                    100919000000000324075630940010903200000100000000000000000000000000000000000000000000000000000000000000000000000000003240000000000000000000000000000000000000000000000000000010000000000000          0003013578866800000000000000000000000000000000000000000013
1022542123500018830940000316741000000                         00000004892701000000DM 00000000000000000000 01090903200006510919                    100919000000000324075630940010903200000100000000000000000000000000000000000000000000000000000000000000000000000000003240000000000000000000000000000000000000000000000000000010000000000000          0006345744697000000000000000000000000000000000000000000014
1022542123500018830940000316741000000                         00000004904001000000DM 00000000000000000000 01090903200007010919                    100919000000000324075630940010903200000100000000000000000000000000000000000000000000000000000000000000000000000000003240000000000000000000000000000000000000000000000000000010000000000000          0006529267760400000000000000000000000000000000000000000015
1022542123500018830940000316741000000                         00000005601201000000DM 00000000000000000000 01090903200028970919                    100919000000000374075630940010903200000100000000000000000000000000000000000000000000000000000000000000000000000000003740000000000000000000000000000000000000000000000000000010000000000000          0005968516666800000000000000000000000000000000000000000016
1022542123500018830940000316741000000                         00000006251201000000DM 00000000000000000000 01060903200028150320                    100320000000000400010400970010903200000250000000000000000000000000000000000000000000000000000000000000000000000000004000000000000000000000000000000000000000000000000000000010000000000000          0001026372666500000000000000000000000000000000000000000017
1022542123500018830940000316741000000                         00000006395801000000DM 00000000000000000000 01061003200030690320                    100320000000000400075630940011003200000250000000000000000000000000000000000000000000000000000000000000000000000000004000000000000000000000000000000000000000000000000000000010000000000000          0006037461660400000000000000000000000000000000000000000018
1022542123500018830940000316741000000                         00000006766101000000DM 00000000000000000000 01061003201000260220                    100320000000005307075630940011003200000250000000000000000000000000000000000000000000000000000000000000000000000000053070000000000000000000000000000000000000000000000000000010000000000000          0098386400017000000000000000000000000000000000000000000019
1022542123500018830940000316741000000                         00000006769301000000DM 00000000000000000000 01061003201000280320                    100320000000001036075640790011003200000250000000000000000000000000000000000000000000000000000000000000000000000000010360000000000000000000000000000000000000000000000000000010000000000000          0581273600018800000000000000000000000000000000000000000020
1022542123500018830940000316741000000                         00000005685001000000DM 00000000000000000000 01090903200030330919                    100919000000000374075630940010903200000100000000000000000000000000000000000000000000000000000000000000000000000000003740000000000000000000000000000000000000000000000000000010000000000000          0008285259668700000000000000000000000000000000000000000021
1022542123500018830940000316741000000                         00000005741901000000DM 00000000000000000000 01090903200029220919                    100919000000000374075630940010903200000100000000000000000000000000000000000000000000000000000000000000000000000000003740000000000000000000000000000000000000000000000000000010000000000000          0005554795862000000000000000000000000000000000000000000022
1022542123500018830940000316741000000                         00000005301701000000DM 00000000000000000000 01090903200017950919                    100919000000000324075630940010903200000100000000000000000000000000000000000000000000000000000000000000000000000000003240000000000000000000000000000000000000000000000000000010000000000000          0000027258068600000000000000000000000000000000000000000023
1022542123500018830940000316741000000                         00000004952401000000DM 00000000000000000000 01090903200008690919                    100919000000000324075630940010903200000100000000000000000000000000000000000000000000000000000000000000000000000000003240000000000000000000000000000000000000000000000000000010000000000000          0000027442861000000000000000000000000000000000000000000024
1022542123500018830940000316741000000                         00000005871101000000DM 00000000000000000000 01090903201000210819                    100919000000000526575630940010903200000100000000000000000000000000000000000000000000000000000000000000000000000000005265000000000000000000000000000000000000000000000000000010000000000000          6522717500018100000000000000000000000000000000000000000025
1022542123500018830940000316741000000                         00000006263001000000DM 00000000000000000000 01061003200030140320                    100320000000000400010400970011003200000250000000000000000000000000000000000000000000000000000000000000000000000000004000000000000000000000000000000000000000000000000000000010000000000000          0000506908968400000000000000000000000000000000000000000026
1022542123500018830940000316741000000                         00000006287701000000DM 00000000000000000000 01061003200000410320                    100320000000000360010400970011003200000250000000000000000000000000000000000000000000000000000000000000000000000000003600000000000000000000000000000000000000000000000000000010000000000000          0000565324365500000000000000000000000000000000000000000027
1022542123500018830940000316741000000                         00000005445201000000DM 00000000000000000000 01090903200025960919                    100919000000000374075630940010903200000100000000000000000000000000000000000000000000000000000000000000000000000000003740000000000000000000000000000000000000000000000000000010000000000000          0009277829168700000000000000000000000000000000000000000028
1022542123500018830940000316741000000                         00000005505001000000DM 00000000000000000000 01090903200026860919                    100919000000000374075630940010903200000100000000000000000000000000000000000000000000000000000000000000000000000000003740000000000000000000000000000000000000000000000000000010000000000000          0003407094060000000000000000000000000000000000000000000029
1022542123500018830940000316741000000                         00000005637701000000DM 00000000000000000000 01090903200029630919                    100919000000000374075630940010903200000100000000000000000000000000000000000000000000000000000000000000000000000000003740000000000000000000000000000000000000000000000000000010000000000000          0000559499965500000000000000000000000000000000000000000030
1022542123500018830940000316741000000                         00000004712601000000DM 00000000000000000000 01090903200002560919                    100919000000000324075630940010903200000100000000000000000000000000000000000000000000000000000000000000000000000000003240000000000000000000000000000000000000000000000000000010000000000000          0000474784860600000000000000000000000000000000000000000031
1022542123500018830940000316741000000                         00000006167801000000DM 00000000000000000000 01060903200006480320                    100320000000000400010400970010903200000250000000000000000000000000000000000000000000000000000000000000000000000000004000000000000000000000000000000000000000000000000000000010000000000000          0001612677762000000000000000000000000000000000000000000032
1022542123500018830940000316741000000                         00000006215701000000DM 00000000000000000000 01060903200010200320                    100320000000000400010400970010903200000250000000000000000000000000000000000000000000000000000000000000000000000000004000000000000000000000000000000000000000000000000000000010000000000000          0003616071763400000000000000000000000000000000000000000033
1022542123500018830940000316741000000                         00000006727401000000DM 00000000000000000000 01060903200008410320                    100320000000000360010400970010903200000250000000000000000000000000000000000000000000000000000000000000000000000000003600000000000000000000000000000000000000000000000000000010000000000000          0004459589168700000000000000000000000000000000000000000034
1022542123500018830940000316741000000                         00000006748901000000DM 00000000000000000000 01060903200029710320                    100320000000000400003334670010903200000250000000000000000000000000000000000000000000000000000000000000000000000000004000000000000000000000000000000000000000000000000000000010000000000000          0002729840060600000000000000000000000000000000000000000035
1022542123500018830940000316741000000                         00000004820701000000DM 00000000000000000000 01090903200004910919                    100919000000000324075630940010903200000100000000000000000000000000000000000000000000000000000000000000000000000000003240000000000000000000000000000000000000000000000000000010000000000000          0002624052160400000000000000000000000000000000000000000036
1022542123500018830940000316741000000                         00000005697901000000DM 00000000000000000000 01090903200030680919                    100919000000000374075630940010903200000100000000000000000000000000000000000000000000000000000000000000000000000000003740000000000000000000000000000000000000000000000000000010000000000000          0000377887650300000000000000000000000000000000000000000037
1022542123500018830940000316741000000                         00000005625901000000DM 00000000000000000000 01090903200029060919                    100919000000000374075630940010903200000100000000000000000000000000000000000000000000000000000000000000000000000000003740000000000000000000000000000000000000000000000000000010000000000000          0007331229087200000000000000000000000000000000000000000038
1022542123500018830940000316741000000                         00000005870401000000DM 00000000000000000000 01090903201000180819                    100919000000002988075630940010903200000100000000000000000000000000000000000000000000000000000000000000000000000000029880000000000000000000000000000000000000000000000000000010000000000000          1823706600016500000000000000000000000000000000000000000039
1022542123500018830940000316741000000                         00000006083401000000DM 00000000000000000000 01061003200011030320                    100320000000000360023716910011003200000250000000000000000000000000000000000000000000000000000000000000000000000000003600000000000000000000000000000000000000000000000000000010000000000000          0008715135969100000000000000000000000000000000000000000040
1022542123500018830940000316741000000                         00000006119401000000DM 00000000000000000000 01061003200029010320                    100320000000000400010400970011003200000250000000000000000000000000000000000000000000000000000000000000000000000000004000000000000000000000000000000000000000000000000000000010000000000000          0002483652468700000000000000000000000000000000000000000041
1022542123500018830940000316741000000                         00000005277401000000DM 00000000000000000000 01090903200017750919                    100919000000000324075630940010903200000100000000000000000000000000000000000000000000000000000000000000000000000000003240000000000000000000000000000000000000000000000000000010000000000000          0002729843469100000000000000000000000000000000000000000042
1022542123500018830940000316741000000                         00000005481801000000DM 00000000000000000000 01090903200026730919                    100919000000000374075630940010903200000100000000000000000000000000000000000000000000000000000000000000000000000000003740000000000000000000000000000000000000000000000000000010000000000000          0000945536569300000000000000000000000000000000000000000043
1022542123500018830940000316741000000                         00000005517801000000DM 00000000000000000000 01090903200027000919                    100919000000000374075630940010903200000100000000000000000000000000000000000000000000000000000000000000000000000000003740000000000000000000000000000000000000000000000000000010000000000000          0000487456467400000000000000000000000000000000000000000044
1022542123500018830940000316741000000                         00000005072401000000DM 00000000000000000000 01090903200011060919                    100919000000000324075630940010903200000100000000000000000000000000000000000000000000000000000000000000000000000000003240000000000000000000000000000000000000000000000000000010000000000000          0000306014564400000000000000000000000000000000000000000045
1022542123500018830940000316741000000                         00000006047901000000DM 00000000000000000000 01060903200024530320                    100320000000000400010400970010903200000250000000000000000000000000000000000000000000000000000000000000000000000000004000000000000000000000000000000000000000000000000000000010000000000000          0003607094764900000000000000000000000000000000000000000046
1022542123500018830940000316741000000                         00000006419001000000DM 00000000000000000000 01060903200004160320                    100320000000000360034109440010903200000250000000000000000000000000000000000000000000000000000000000000000000000000003600000000000000000000000000000000000000000000000000000010000000000000          0009147587261500000000000000000000000000000000000000000047
1022542123500018830940000316741000000                         00000006761501000000DM 00000000000000000000 01061003201000120220                    100320000000000380075640790011003200000250000000000000000000000000000000000000000000000000000000000000000000000000003800000000000000000000000000000000000000000000000000000010000000000000          7097216100012200000000000000000000000000000000000000000048
1022542123500018830940000316741000000                         00000006764701000000DM 00000000000000000000 01061003201000250220                    100320000000039240010400970011003200000250000000000000000000000000000000000000000000000000000000000000000000000000392400000000000000000000000000000000000000000000000000000010000000000000          2604122800011300000000000000000000000000000000000000000049
1022542123500018830940000316741000000                         00000006767901000000DM 00000000000000000000 01061003201000270320                    100320000000002072075630940011003200000250000000000000000000000000000000000000000000000000000000000000000000000000020720000000000000000000000000000000000000000000000000000010000000000000          0534793700015100000000000000000000000000000000000000000050
1022542123500018830940000316741000000                         00000005289201000000DM 00000000000000000000 01090903200017830919                    100919000000000324075630940010903200000100000000000000000000000000000000000000000000000000000000000000000000000000003240000000000000000000000000000000000000000000000000000010000000000000          0007674540669100000000000000000000000000000000000000000051
1022542123500018830940000316741000000                         00000005337101000000DM 00000000000000000000 01090903200022820919                    100919000000000324075630940010903200000100000000000000000000000000000000000000000000000000000000000000000000000000003240000000000000000000000000000000000000000000000000000010000000000000          0007188059365300000000000000000000000000000000000000000052
1022542123500018830940000316741000000                         00000005409701000000DM 00000000000000000000 01090903200024730919                    100919000000000374075630940010903200000100000000000000000000000000000000000000000000000000000000000000000000000000003740000000000000000000000000000000000000000000000000000010000000000000          0001603579869100000000000000000000000000000000000000000053
1022542123500018830940000316741000000                         00000005421601000000DM 00000000000000000000 01090903200025190919                    100919000000000374075630940010903200000100000000000000000000000000000000000000000000000000000000000000000000000000003740000000000000000000000000000000000000000000000000000010000000000000          0008540006863400000000000000000000000000000000000000000054
1022542123500018830940000316741000000                         00000005132101000000DM 00000000000000000000 01090903200014430919                    100919000000000324075630940010903200000100000000000000000000000000000000000000000000000000000000000000000000000000003240000000000000000000000000000000000000000000000000000010000000000000          0000696140365400000000000000000000000000000000000000000055
1022542123500018830940000316741000000                         00000005144001000000DM 00000000000000000000 01090903200014480919                    100919000000000324075630940010903200000100000000000000000000000000000000000000000000000000000000000000000000000000003240000000000000000000000000000000000000000000000000000010000000000000          0005227926069700000000000000000000000000000000000000000056
1022542123500018830940000316741000000                         00000005927901000000DM 00000000000000000000 01060903200014950320                    100320000000000360010400970010903200000250000000000000000000000000000000000000000000000000000000000000000000000000003600000000000000000000000000000000000000000000000000000010000000000000          0000136752462800000000000000000000000000000000000000000057
1022542123500018830940000316741000000                         00000005975201000000DM 00000000000000000000 01061003200015980320                    100320000000000360010400970011003200000250000000000000000000000000000000000000000000000000000000000000000000000000003600000000000000000000000000000000000000000000000000000010000000000000          0007886934067800000000000000000000000000000000000000000058
9027563094SICOOB CREDIARA          R D BOSCO                                         Centro                        38183228Araxá                         MG110320200000005700000000113                                                                                                                                                                                                                    000059
