02RETORNO01COBRANÇA       30940000327964316741J REZENDE                     756 - BANCOOB S/A 0903200000385                                                                                                                                                                                                                                                                                               000001
1022542123500018830940000316741000000                         00000006550001000000DM 00000000000000000000 01062802200011610320                    100320000000000360010400970012802200000250000000000000000000000000000000000000000000000000000000000000000000000000003600000000000000000000000000000000000000000000000000000010000000000000          0004342743060000000000000000000000000000000000000000000002
9027563094SICOOB CREDIARA          R D BOSCO                                         Centro                        38183228Araxá                         MG090320200000000100000000113                                                                                                                                                                                                                    000003
