02RETORNO01COBRANÇA       30940000327964316741J REZENDE                     756 - BANCOOB S/A 0903200000384                                                                                                                                                                                                                                                                                               000001
1022542123500018830940000316741000000                         00000006691401000000DM 00000000000000000000 01062002200026730220                    100220000000000400010400970012002200000250000000000000000000000000000000000000000000000000000000000000000000000000004004000000000000400000000000000000000000000000000000000010000000000000          0000945536569300000000000000000000000000000000000000000002
9027563094SICOOB CREDIARA          R D BOSCO                                         Centro                        38183228Araxá                         MG090320200000000100000000113                                                                                                                                                                                                                    000003
