02RETORNO01COBRANÇA       30940000327964316741J REZENDE                     756 - BANCOOB S/A 1603200000388                                                                                                                                                                                                                                                                                               000001
1022542123500018830940000316741000000                         00000006586501000000DM 00000000000000000000 01061303200023040320                    100320000000000400010400970011303200000250000000000000000000000000000000000000000000000000000000000000000000000000004004000000000000400000000000000000000000000000000000000010000000000000          0004225353567200000000000000000000000000000000000000000002
9027563094SICOOB CREDIARA          R D BOSCO                                         Centro                        38183228Araxá                         MG160320200000000100000000113                                                                                                                                                                                                                    000003
