02RETORNO01COBRANÇA       30940000327964316741J REZENDE                     756 - BANCOOB S/A 2810190000357                                                                                                                                                                                                                                                                                               000001
1022542123500018830940000316741000000                         00000005888601000000DM 00000000000000000000 01062510191000150919                    231019000000000349000142020012510190000250000000000000000000000000000000000000000000000000000000000000000000000000003493000000000000300000000000000000000000000000000000000010000000000000          7097303700093900000000000000000000000000000000000000000002
1022542123500018830940000316741000000                         00000005675701000000DM 00000000000000000000 01062310190030141119                    101119000000000374010400970012310190000250000000000000000000000000000000000000000000000000000000000000000000000000003740000000000000000000000000000000000000000000000000000010000000000000          0000506908968400000000000000000000000000000000000000000003
1022542123500018830940000316741000000                         00000005887901000000DM 00000000000000000000 01062510191000070919                    231019000000000349000142020012510190000250000000000000000000000000000000000000000000000000000000000000000000000000003493000000000000300000000000000000000000000000000000000010000000000000          7097303700069600000000000000000000000000000000000000000004
1022542123500018830940000316741000000                         00000005886101000000DM 00000000000000000000 01062510191000100919                    231019000000002628500142020012510190000250000000000000000000000000000000000000000000000000000000000000000000000000026311000000000002600000000000000000000000000000000000000010000000000000          7097303700034300000000000000000000000000000000000000000005
9027563094SICOOB CREDIARA          R D BOSCO                                         Centro                        38183228Araxá                         MG281020190000000400000000113                                                                                                                                                                                                                    000006
