02RETORNO01COBRANÇA       30940000327964316741J REZENDE                     756 - BANCOOB S/A 0910190000353                                                                                                                                                                                                                                                                                               000001
1022542123500018830940000316741000000                         00000005230901000000DM 00000000000000000000 01060810190015981019                    101019000000000324010400970010810190000250000000000000000000000000000000000000000000000000000000000000000000000000003240000000000000000000000000000000000000000000000000000010000000000000          0007886934067800000000000000000000000000000000000000000002
1022542123500018830940000316741000000                         00000005662101000000DM 00000000000000000000 01060710190029711019                    101019000000000374003334670010710190000250000000000000000000000000000000000000000000000000000000000000000000000000003740000000000000000000000000000000000000000000000000000010000000000000          0002729840060600000000000000000000000000000000000000000003
1022542123500018830940000316741000000                         00000005049401000000DM 00000000000000000000 01060710190010921019                    101019000000000324010400970010710190000250000000000000000000000000000000000000000000000000000000000000000000000000003240000000000000000000000000000000000000000000000000000010000000000000          0007570230469100000000000000000000000000000000000000000004
1022542123500018830940000316741000000                         00000005061301000000DM 00000000000000000000 01060710190011031019                    101019000000000324010400970010710190000250000000000000000000000000000000000000000000000000000000000000000000000000003240000000000000000000000000000000000000000000000000000010000000000000          0008715135969100000000000000000000000000000000000000000005
1022542123500018830940000316741000000                         00000005712501000000DM 00000000000000000000 01090810190030700419                    100419000000000374075630940010810190000100000000000000000000000000000000000000000000000000000000000000000000000000003740000000000000000000000000000000000000000000000000000010000000000000          0001212798465000000000000000000000000000000000000000000006
1022542123500018830940000316741000000                         00000004887001000000DM 00000000000000000000 01090810190006510419                    100419000000000324075630940010810190000100000000000000000000000000000000000000000000000000000000000000000000000000003240000000000000000000000000000000000000000000000000000010000000000000          0006345744697000000000000000000000000000000000000000000007
1022542123500018830940000316741000000                         00000004929401000000DM 00000000000000000000 01060710190008411019                    101019000000000324010400970010710190000250000000000000000000000000000000000000000000000000000000000000000000000000003240000000000000000000000000000000000000000000000000000010000000000000          0004459589168700000000000000000000000000000000000000000008
1022542123500018830940000316741000000                         00000004941301000000DM 00000000000000000000 01060810190008471019                    101019000000000374010400970010810190000250000000000000000000000000000000000000000000000000000000000000000000000000003740000000000000000000000000000000000000000000000000000010000000000000          0000150671660100000000000000000000000000000000000000000009
1022542123500018830940000316741000000                         00000004995001000000DM 00000000000000000000 01090810190010200419                    100419000000000374075630940010810190000100000000000000000000000000000000000000000000000000000000000000000000000000003740000000000000000000000000000000000000000000000000000010000000000000          0003616071763400000000000000000000000000000000000000000010
1022542123500018830940000316741000000                         00000005001101000000DM 00000000000000000000 01060810190010201019                    101019000000000374010400970010810190000250000000000000000000000000000000000000000000000000000000000000000000000000003740000000000000000000000000000000000000000000000000000010000000000000          0003616071763400000000000000000000000000000000000000000011
1022542123500018830940000316741000000                         00000005127401000000DM 00000000000000000000 01090810190014430419                    100419000000000324075630940010810190000100000000000000000000000000000000000000000000000000000000000000000000000000003240000000000000000000000000000000000000000000000000000010000000000000          0000696140365400000000000000000000000000000000000000000012
1022542123500018830940000316741000000                         00000005242701000000DM 00000000000000000000 01060810190016361019                    101019000000000374010400970010810190000250000000000000000000000000000000000000000000000000000000000000000000000000003740000000000000000000000000000000000000000000000000000010000000000000          0004340692069100000000000000000000000000000000000000000013
1022542123500018830940000316741000000                         00000005296401000000DM 00000000000000000000 01090810190017950419                    100419000000000324075630940010810190000100000000000000000000000000000000000000000000000000000000000000000000000000003240000000000000000000000000000000000000000000000000000010000000000000          0000027258068600000000000000000000000000000000000000000014
1022542123500018830940000316741000000                         00000005303101000000DM 00000000000000000000 01060710190017951119                    101119000000000324010400970010710190000250000000000000000000000000000000000000000000000000000000000000000000000000003240000000000000000000000000000000000000000000000000000010000000000000          0000027258068600000000000000000000000000000000000000000015
1022542123500018830940000316741000000                         00000005344301000000DM 00000000000000000000 01090810190023040419                    100419000000000374075630940010810190000100000000000000000000000000000000000000000000000000000000000000000000000000003740000000000000000000000000000000000000000000000000000010000000000000          0004225353567200000000000000000000000000000000000000000016
1022542123500018830940000316741000000                         00000005869601000000DM 00000000000000000000 01060710191000110819                    100919000000001396023716910010710190000250000000000000000000000000000000000000000000000000000000000000000000000000013973000000000001300000000000000000000000000000000000000010000000000000          3874637600038400000000000000000000000000000000000000000017
1022542123500018830940000316741000000                         00000005512101000000DM 00000000000000000000 01090810190027000419                    100419000000000374075630940010810190000100000000000000000000000000000000000000000000000000000000000000000000000000003740000000000000000000000000000000000000000000000000000010000000000000          0000487456467400000000000000000000000000000000000000000018
1022542123500018830940000316741000000                         00000005536801000000DM 00000000000000000000 01090810190027500419                    100419000000000374075630940010810190000100000000000000000000000000000000000000000000000000000000000000000000000000003740000000000000000000000000000000000000000000000000000010000000000000          0000282899960200000000000000000000000000000000000000000019
1022542123500018830940000316741000000                         00000005272801000000DM 00000000000000000000 01090810190017750419                    100419000000000324075630940010810190000100000000000000000000000000000000000000000000000000000000000000000000000000003240000000000000000000000000000000000000000000000000000010000000000000          0002729843469100000000000000000000000000000000000000000020
1022542123500018830940000316741000000                         00000005596001000000DM 00000000000000000000 01090810190028970419                    100419000000000374075630940010810190000100000000000000000000000000000000000000000000000000000000000000000000000000003740000000000000000000000000000000000000000000000000000010000000000000          0005968516666800000000000000000000000000000000000000000021
1022542123500018830940000316741000000                         00000005632001000000DM 00000000000000000000 01090810190029630419                    100419000000000374075630940010810190000100000000000000000000000000000000000000000000000000000000000000000000000000003740000000000000000000000000000000000000000000000000000010000000000000          0000559499965500000000000000000000000000000000000000000022
1022542123500018830940000316741000000                         00000004851501000000DM 00000000000000000000 01090810190005450419                    100419000000000324075630940010810190000100000000000000000000000000000000000000000000000000000000000000000000000000003240000000000000000000000000000000000000000000000000000010000000000000          0003013578866800000000000000000000000000000000000000000023
1022542123500018830940000316741000000                         00000004977801000000DM 00000000000000000000 01060710190009531019                    101019000000000324010400970010710190000250000000000000000000000000000000000000000000000000000000000000000000000000003240000000000000000000000000000000000000000000000000000010000000000000          0004361846464900000000000000000000000000000000000000000024
1022542123500018830940000316741000000                         00000005650301000000DM 00000000000000000000 01060810190029701019                    101019000000000374010400970010810190000250000000000000000000000000000000000000000000000000000000000000000000000000003740000000000000000000000000000000000000000000000000000010000000000000          0000214486281800000000000000000000000000000000000000000025
1022542123500018830940000316741000000                         00000005404001000000DM 00000000000000000000 01090810190024730419                    100419000000000374075630940010810190000100000000000000000000000000000000000000000000000000000000000000000000000000003740000000000000000000000000000000000000000000000000000010000000000000          0001603579869100000000000000000000000000000000000000000026
1022542123500018830940000316741000000                         00000005476001000000DM 00000000000000000000 01090810190026730419                    100419000000000374075630940010810190000100000000000000000000000000000000000000000000000000000000000000000000000000003740000000000000000000000000000000000000000000000000000010000000000000          0000945536569300000000000000000000000000000000000000000027
1022542123500018830940000316741000000                         00000005614801000000DM 00000000000000000000 01060710190029011019                    101019000000000374010400970010710190000250000000000000000000000000000000000000000000000000000000000000000000000000003740000000000000000000000000000000000000000000000000000010000000000000          0002483652468700000000000000000000000000000000000000000028
1022542123500018830940000316741000000                         00000004881601000000DM 00000000000000000000 01060710190006481019                    101019000000000374010400970010710190000250000000000000000000000000000000000000000000000000000000000000000000000000003740000000000000000000000000000000000000000000000000000010000000000000          0001612677762000000000000000000000000000000000000000000029
1022542123500018830940000316741000000                         00000004773501000000DM 00000000000000000000 01060710190004271019                    101019000000000324010400970010710190000250000000000000000000000000000000000000000000000000000000000000000000000000003240000000000000000000000000000000000000000000000000000010000000000000          0000329979965700000000000000000000000000000000000000000030
1022542123500018830940000316741000000                         00000004815001000000DM 00000000000000000000 01090810190004910419                    100419000000000324075630940010810190000100000000000000000000000000000000000000000000000000000000000000000000000000003240000000000000000000000000000000000000000000000000000010000000000000          0002624052160400000000000000000000000000000000000000000031
1022542123500018830940000316741000000                         00000004899801000000DM 00000000000000000000 01090810190007010419                    100419000000000324075630940010810190000100000000000000000000000000000000000000000000000000000000000000000000000000003240000000000000000000000000000000000000000000000000000010000000000000          0006529267760400000000000000000000000000000000000000000032
1022542123500018830940000316741000000                         00000004947701000000DM 00000000000000000000 01090810190008690419                    100419000000000324075630940010810190000100000000000000000000000000000000000000000000000000000000000000000000000000003240000000000000000000000000000000000000000000000000000010000000000000          0000027442861000000000000000000000000000000000000000000033
1022542123500018830940000316741000000                         00000005194801000000DM 00000000000000000000 01060810190014951019                    101019000000000324010400970010810190000250000000000000000000000000000000000000000000000000000000000000000000000000003240000000000000000000000000000000000000000000000000000010000000000000          0000136752462800000000000000000000000000000000000000000034
1022542123500018830940000316741000000                         00000005554001000000DM 00000000000000000000 01060810190028151019                    101019000000000374010400970010810190000250000000000000000000000000000000000000000000000000000000000000000000000000003740000000000000000000000000000000000000000000000000000010000000000000          0001026372666500000000000000000000000000000000000000000035
1022542123500018830940000316741000000                         00000005590601000000DM 00000000000000000000 01060710190028821019                    101019000000000374010400970010710190000250000000000000000000000000000000000000000000000000000000000000000000000000003740000000000000000000000000000000000000000000000000000010000000000000          0002486093060600000000000000000000000000000000000000000036
1022542123500018830940000316741000000                         00000005620201000000DM 00000000000000000000 01090810190029060419                    100419000000000374075630940010810190000100000000000000000000000000000000000000000000000000000000000000000000000000003740000000000000000000000000000000000000000000000000000010000000000000          0007331229087200000000000000000000000000000000000000000037
1022542123500018830940000316741000000                         00000005692201000000DM 00000000000000000000 01090810190030680419                    100419000000000374075630940010810190000100000000000000000000000000000000000000000000000000000000000000000000000000003740000000000000000000000000000000000000000000000000000010000000000000          0000377887650300000000000000000000000000000000000000000038
1022542123500018830940000316741000000                         00000005260001000000DM 00000000000000000000 01090810190017340419                    100419000000000324075630940010810190000100000000000000000000000000000000000000000000000000000000000000000000000000003240000000000000000000000000000000000000000000000000000010000000000000          0006300667766800000000000000000000000000000000000000000039
1022542123500018830940000316741000000                         00000005308801000000DM 00000000000000000000 01090810190022660419                    100419000000000374075630940010810190000100000000000000000000000000000000000000000000000000000000000000000000000000003740000000000000000000000000000000000000000000000000000010000000000000          0004170441060600000000000000000000000000000000000000000040
1022542123500018830940000316741000000                         00000005320701000000DM 00000000000000000000 01090810190022690419                    100419000000000374075630940010810190000100000000000000000000000000000000000000000000000000000000000000000000000000003740000000000000000000000000000000000000000000000000000010000000000000          0006307307269100000000000000000000000000000000000000000041
1022542123500018830940000316741000000                         00000005356101000000DM 00000000000000000000 01090810190023390419                    100419000000000374075630940010810190000100000000000000000000000000000000000000000000000000000000000000000000000000003740000000000000000000000000000000000000000000000000000010000000000000          0003615945069700000000000000000000000000000000000000000042
1022542123500018830940000316741000000                         00000005368001000000DM 00000000000000000000 01090810190023970419                    100419000000000374075630940010810190000100000000000000000000000000000000000000000000000000000000000000000000000000003740000000000000000000000000000000000000000000000000000010000000000000          0007188737762000000000000000000000000000000000000000000043
1022542123500018830940000316741000000                         00000005031201000000DM 00000000000000000000 01090810190010620419                    100419000000000324075630940010810190000100000000000000000000000000000000000000000000000000000000000000000000000000003240000000000000000000000000000000000000000000000000000010000000000000          0000055756263500000000000000000000000000000000000000000044
1022542123500018830940000316741000000                         00000005157501000000DM 00000000000000000000 01060710190030710919                    100919000000000374010400970010710190000250000000000000000000000000000000000000000000000000000000000000000000000000003777000000000003700000000000000000000000000000000000000010000000000000          0000953633063600000000000000000000000000000000000000000045
1022542123500018830940000316741000000                         00000005736101000000DM 00000000000000000000 01090810190029220419                    100419000000000374075630940010810190000100000000000000000000000000000000000000000000000000000000000000000000000000003740000000000000000000000000000000000000000000000000000010000000000000          0005554795862000000000000000000000000000000000000000000046
1022542123500018830940000316741000000                         00000005043001000000DM 00000000000000000000 01090810190010920419                    100419000000000324075630940010810190000100000000000000000000000000000000000000000000000000000000000000000000000000003240000000000000000000000000000000000000000000000000000010000000000000          0007570230469100000000000000000000000000000000000000000047
1022542123500018830940000316741000000                         00000005332501000000DM 00000000000000000000 01090810190022820419                    100419000000000324075630940010810190000100000000000000000000000000000000000000000000000000000000000000000000000000003240000000000000000000000000000000000000000000000000000010000000000000          0007188059365300000000000000000000000000000000000000000048
1022542123500018830940000316741000000                         00000005386201000000DM 00000000000000000000 01060710190024531019                    101019000000000374010400970010710190000250000000000000000000000000000000000000000000000000000000000000000000000000003740000000000000000000000000000000000000000000000000000010000000000000          0003607094764900000000000000000000000000000000000000000049
1022542123500018830940000316741000000                         00000005578701000000DM 00000000000000000000 01060710190028811019                    101019000000000374010400970010710190000250000000000000000000000000000000000000000000000000000000000000000000000000003740000000000000000000000000000000000000000000000000000010000000000000          0002729612165300000000000000000000000000000000000000000050
1022542123500018830940000316741000000                         00000005802301000000DM 00000000000000000000 01090810191000180319                    100419000000002443075630940010810190000100000000000000000000000000000000000000000000000000000000000000000000000000024430000000000000000000000000000000000000000000000000000010000000000000          1823706600016500000000000000000000000000000000000000000051
9027563094SICOOB CREDIARA          R D BOSCO                                         Centro                        38183228Araxá                         MG091020190000005000000000113                                                                                                                                                                                                                    000052
