02RETORNO01COBRANÇA       30940000327964316741J REZENDE                     756 - BANCOOB S/A 0910190000351                                                                                                                                                                                                                                                                                               000001
1022542123500018830940000316741000000                         00000004809501000000DM 00000000000000000000 01063009190004531019                    101019000000000374010400970013009190000250000000000000000000000000000000000000000000000000000000000000000000000000003740000000000000000000000000000000000000000000000000000010000000000000          0000786278560600000000000000000000000000000000000000000002
1022542123500018830940000316741000000                         00000005457001000000DM 00000000000000000000 01063009190026050919                    100919000000000374075630940013009190000250000000000000000000000000000000000000000000000000000000000000000000000000003768000000000002800000000000000000000000000000000000000010000000000000          0000258153466400000000000000000000000000000000000000000003
1022542123500018830940000316741000000                         00000005085001000000DM 00000000000000000000 01063009190011611019                    101019000000000324010400970013009190000250000000000000000000000000000000000000000000000000000000000000000000000000003240000000000000000000000000000000000000000000000000000010000000000000          0004342743060000000000000000000000000000000000000000000004
1022542123500018830940000316741000000                         00000005456301000000DM 00000000000000000000 01063009190026050819                    100819000000000374075630940013009190000250000000000000000000000000000000000000000000000000000000000000000000000000003807000000000006700000000000000000000000000000000000000010000000000000          0000258153466400000000000000000000000000000000000000000005
1022542123500018830940000316741000000                         00000005361901000000DM 00000000000000000000 01063009190023390919                    100919000000000374010400970013009190000250000000000000000000000000000000000000000000000000000000000000000000000000003768000000000002800000000000000000000000000000000000000010000000000000          0003615945069700000000000000000000000000000000000000000006
1022542123500018830940000316741000000                         00000005037601000000DM 00000000000000000000 01063009190010621019                    101019000000000324010400970013009190000250000000000000000000000000000000000000000000000000000000000000000000000000003240000000000000000000000000000000000000000000000000000010000000000000          0000055756263500000000000000000000000000000000000000000007
9027563094SICOOB CREDIARA          R D BOSCO                                         Centro                        38183228Araxá                         MG091020190000000600000000113                                                                                                                                                                                                                    000008
