02RETORNO01COBRANÇA       30940000327964316741J REZENDE                     756 - BANCOOB S/A 1710190000355                                                                                                                                                                                                                                                                                               000001
1022542123500018830940000316741000000                         00000005885401000000DM 00000000000000000000 01061410191000260919                    141019000000004576034109440011410190000250000000000000000000000000000000000000000000000000000000000000000000000000045760000000000000000000000000000000000000000000000000000010000000000000          0098386400017000000000000000000000000000000000000000000002
1022542123500018830940000316741000000                         00000005182001000000DM 00000000000000000000 01061410190014701019                    101019000000000324010400970011410190000250000000000000000000000000000000000000000000000000000000000000000000000000003247000000000000700000000000000000000000000000000000000010000000000000          0008318973461500000000000000000000000000000000000000000003
1022542123500018830940000316741000000                         00000005884701000000DM 00000000000000000000 01061410191000250919                    141019000000000557010400970011410190000250000000000000000000000000000000000000000000000000000000000000000000000000005570000000000000000000000000000000000000000000000000000010000000000000          2604122800011300000000000000000000000000000000000000000004
1022542123500018830940000316741000000                         00000005350801000000DM 00000000000000000000 01061410190023041019                    101019000000000374010400970011410190000250000000000000000000000000000000000000000000000000000000000000000000000000003748000000000000800000000000000000000000000000000000000010000000000000          0004225353567200000000000000000000000000000000000000000005
1022542123500018830940000316741000000                         00000005115601000000DM 00000000000000000000 01091410190013890419                    150419000000000324075630940011410190000100000000000000000000000000000000000000000000000000000000000000000000000000003240000000000000000000000000000000000000000000000000000010000000000000          0000690262868800000000000000000000000000000000000000000006
9027563094SICOOB CREDIARA          R D BOSCO                                         Centro                        38183228Araxá                         MG171020190000000500000000113                                                                                                                                                                                                                    000007
