02RETORNO01COBRANÇA       30940000327964316741J REZENDE                     756 - BANCOOB S/A 1110190000354                                                                                                                                                                                                                                                                                               000001
1022542123500018830940000316741000000                         00000005374401000000DM 00000000000000000000 01061010190023971019                    101019000000000374010400970011010190000250000000000000000000000000000000000000000000000000000000000000000000000000003740000000000000000000000000000000000000000000000000000010000000000000          0007188737762000000000000000000000000000000000000000000002
1022542123500018830940000316741000000                         00000005470701000000DM 00000000000000000000 01061010190026651019                    101019000000000374034109440011010190000250000000000000000000000000000000000000000000000000000000000000000000000000003740000000000000000000000000000000000000000000000000000010000000000000          0000694769266000000000000000000000000000000000000000000003
1022542123500018830940000316741000000                         00000004737001000000DM 00000000000000000000 01061010190004141019                    101019000000000374003334670011010190000250000000000000000000000000000000000000000000000000000000000000000000000000003740000000000000000000000000000000000000000000000000000010000000000000          0000303613564200000000000000000000000000000000000000000004
9027563094SICOOB CREDIARA          R D BOSCO                                         Centro                        38183228Araxá                         MG111020190000000300000000113                                                                                                                                                                                                                    000005
