02RETORNO01COBRANÇA       30940000327964316741J REZENDE                     756 - BANCOOB S/A 0910190000352                                                                                                                                                                                                                                                                                               000001
1022542123500018830940000316741000000                         00000004689001000000DM 00000000000000000000 01060110190002361019                    101019000000000374010400970010110190000250000000000000000000000000000000000000000000000000000000000000000000000000003740000000000000000000000000000000000000000000000000000010000000000000          0000569370264200000000000000000000000000000000000000000002
1022542123500018830940000316741000000                         00000005109101000000DM 00000000000000000000 01060310190013271019                    101019000000000324010400970010310190000250000000000000000000000000000000000000000000000000000000000000000000000000003240000000000000000000000000000000000000000000000000000010000000000000          0005974586069700000000000000000000000000000000000000000003
1022542123500018830940000316741000000                         00000004665401000000DM 00000000000000000000 01060310190000411019                    101019000000000324010400970010310190000250000000000000000000000000000000000000000000000000000000000000000000000000003240000000000000000000000000000000000000000000000000000010000000000000          0000565324365500000000000000000000000000000000000000000004
1022542123500018830940000316741000000                         00000005530401000000DM 00000000000000000000 01060410190027131019                    101019000000000374010400970010410190000250000000000000000000000000000000000000000000000000000000000000000000000000003740000000000000000000000000000000000000000000000000000010000000000000          0009652261564900000000000000000000000000000000000000000005
1022542123500018830940000316741000000                         00000004796401000000DM 00000000000000000000 01060210190004370919                    100919000000000324010400970010210190000250000000000000000000000000000000000000000000000000000000000000000000000000003267000000000002700000000000000000000000000000000000000010000000000000          0001313854565300000000000000000000000000000000000000000006
1022542123500018830940000316741000000                         00000005013001000000DM 00000000000000000000 01060410190010211019                    101019000000000324010400970010410190000250000000000000000000000000000000000000000000000000000000000000000000000000003240000000000000000000000000000000000000000000000000000010000000000000          0007187518269100000000000000000000000000000000000000000007
1022542123500018830940000316741000000                         00000005170101000000DM 00000000000000000000 01060210190014581019                    101019000000000324010400970010210190000250000000000000000000000000000000000000000000000000000000000000000000000000003240000000000000000000000000000000000000000000000000000010000000000000          0002361630010000000000000000000000000000000000000000000008
1022542123500018830940000316741000000                         00000004761701000000DM 00000000000000000000 01060110190004221019                    101019000000000324010400970010110190000250000000000000000000000000000000000000000000000000000000000000000000000000003240000000000000000000000000000000000000000000000000000010000000000000          0007415855469100000000000000000000000000000000000000000009
1022542123500018830940000316741000000                         00000005494301000000DM 00000000000000000000 01060410190026741019                    101019000000000374023716910010410190000250000000000000000000000000000000000000000000000000000000000000000000000000003740000000000000000000000000000000000000000000000000000010000000000000          0000954360460600000000000000000000000000000000000000000010
1022542123500018830940000316741000000                         00000005434101000000DM 00000000000000000000 01060310190025271019                    101019000000000374010400970010310190000250000000000000000000000000000000000000000000000000000000000000000000000000003740000000000000000000000000000000000000000000000000000010000000000000          0000677178867900000000000000000000000000000000000000000011
1022542123500018830940000316741000000                         00000004701501000000DM 00000000000000000000 01060310190002471019                    101019000000000324010400970010310190000250000000000000000000000000000000000000000000000000000000000000000000000000003240000000000000000000000000000000000000000000000000000010000000000000          0000356167569700000000000000000000000000000000000000000012
1022542123500018830940000316741000000                         00000005674001000000DM 00000000000000000000 01060410190030141019                    101019000000000374010400970010410190000250000000000000000000000000000000000000000000000000000000000000000000000000003740000000000000000000000000000000000000000000000000000010000000000000          0000506908968400000000000000000000000000000000000000000013
1022542123500018830940000316741000000                         00000004833201000000DM 00000000000000000000 01060410190005191019                    101019000000000324010400970010410190000250000000000000000000000000000000000000000000000000000000000000000000000000003240000000000000000000000000000000000000000000000000000010000000000000          0007188477760000000000000000000000000000000000000000000014
1022542123500018830940000316741000000                         00000005254501000000DM 00000000000000000000 01060410190017221019                    101019000000000324010400970010410190000250000000000000000000000000000000000000000000000000000000000000000000000000003240000000000000000000000000000000000000000000000000000010000000000000          0000326379860000000000000000000000000000000000000000000015
9027563094SICOOB CREDIARA          R D BOSCO                                         Centro                        38183228Araxá                         MG091020190000001400000000113                                                                                                                                                                                                                    000016
