02RETORNO01COBRANÇA       30940000327964316741J REZENDE                     756 - BANCOOB S/A 0910190000350                                                                                                                                                                                                                                                                                               000001
1022542123500018830940000316741000000                         00000004988901000000DM 00000000000000000000 01061809190010140919                    100919000000000374010400970011809190000250000000000000000000000000000000000000000000000000000000000000000000000000003753000000000001300000000000000000000000000000000000000010000000000000          0005764752663400000000000000000000000000000000000000000002
1022542123500018830940000316741000000                         00000004989601000000DM 00000000000000000000 01061809190010141019                    101019000000000374010400970011809190000250000000000000000000000000000000000000000000000000000000000000000000000000003740000000000000000000000000000000000000000000000000000010000000000000          0005764752663400000000000000000000000000000000000000000003
1022542123500018830940000316741000000                         00000004748001000000DM 00000000000000000000 01061309190004160919                    100919000000000324034109440011309190000250000000000000000000000000000000000000000000000000000000000000000000000000003246000000000000600000000000000000000000000000000000000010000000000000          0009147587261500000000000000000000000000000000000000000004
1022542123500018830940000316741000000                         00000005391001000000DM 00000000000000000000 01091709190024540319                    200319000000000374075630940011709190000100000000000000000000000000000000000000000000000000000000000000000000000000003740000000000000000000000000000000000000000000000000000010000000000000          0000847276465600000000000000000000000000000000000000000005
9027563094SICOOB CREDIARA          R D BOSCO                                         Centro                        38183228Araxá                         MG091020190000000400000000113                                                                                                                                                                                                                    000006
