02RETORNO01COBRANÇA       30940000327964316741J REZENDE                     756 - BANCOOB S/A 1408200000418                                                                                                                                                                                                                                                                                               000001
1022542123500018830940000316741000000                         00000006555701000000DM 00000000000000000000 01063107200011610820                    100820000000000360010400970013107200000250000000000000000000000000000000000000000000000000000000000000000000000000003600000000000000000000000000000000000000000000000000000010000000000000          0004342743060000000000000000000000000000000000000000000002
1022542123500018830940000316741000000                         00000006801501000000DM 00000000000000000000 01063007200022690820                    100820000000000400010400970013007200000250000000000000000000000000000000000000000000000000000000000000000000000000004000000000000000000000000000000000000000000000000000000010000000000000          0006307307269100000000000000000000000000000000000000000003
1022542123500018830940000316741000000                         00000006518401000000DM 00000000000000000000 01062907200005450720                    100720000000000360010400970012907200000250000000000000000000000000000000000000000000000000000000000000000000000000003603000000000000300000000000000000000000000000000000000010000000000000          0003013578866800000000000000000000000000000000000000000004
1022542123500018830940000316741000000                         00000006529501000000DM 00000000000000000000 01062907200013890620                    280620000000000360010400970012907200000250000000000000000000000000000000000000000000000000000000000000000000000000003603000000000000300000000000000000000000000000000000000010000000000000          0000690262868800000000000000000000000000000000000000000005
1022542123500018830940000316741000000                         00000006530301000000DM 00000000000000000000 01062907200013890720                    280720000000000360010400970012907200000250000000000000000000000000000000000000000000000000000000000000000000000000003603000000000000300000000000000000000000000000000000000010000000000000          0000690262868800000000000000000000000000000000000000000006
1022542123500018830940000316741000000                         00000006004201000000DM 00000000000000000000 01062807200026740820                    100820000000000400010400970012807200000250000000000000000000000000000000000000000000000000000000000000000000000000004000000000000000000000000000000000000000000000000000000010000000000000          0000954360460600000000000000000000000000000000000000000007
1022542123500018830940000316741000000                         00000006639001000000DM 00000000000000000000 01062807200002360820                    100820000000000400010400970012807200000250000000000000000000000000000000000000000000000000000000000000000000000000004000000000000000000000000000000000000000000000000000000010000000000000          0000569370264200000000000000000000000000000000000000000008
1022542123500018830940000316741000000                         00000006411101000000DM 00000000000000000000 01062707200027000720                    100720000000000400010400970012707200000250000000000000000000000000000000000000000000000000000000000000000000000000004004000000000000400000000000000000000000000000000000000010000000000000          0000487456467400000000000000000000000000000000000000000009
1022542123500018830940000316741000000                         00000006524901000000DM 00000000000000000000 01092707200013890120                    280120000000000360075630940012707200000100000000000000000000000000000000000000000000000000000000000000000000000000003600000000000000000000000000000000000000000000000000000010000000000000          0000690262868800000000000000000000000000000000000000000010
9027563094SICOOB CREDIARA          R D BOSCO                                         Centro                        38183228Araxá                         MG140820200000000900000000113                                                                                                                                                                                                                    000011
