02RETORNO01COBRANÇA       30940000327964316741J REZENDE                     756 - BANCOOB S/A 1408200000419                                                                                                                                                                                                                                                                                               000001
1022542123500018830940000316741000000                         00000005968001000000DM 00000000000000000000 01060608200001140820                    100820000000000360010400970010608200000250000000000000000000000000000000000000000000000000000000000000000000000000003600000000000000000000000000000000000000000000000000000010000000000000          0004897155363400000000000000000000000000000000000000000002
1022542123500018830940000316741000000                         00000006352101000000DM 00000000000000000000 01060608200014700820                    100820000000000360010400970010608200000250000000000000000000000000000000000000000000000000000000000000000000000000003600000000000000000000000000000000000000000000000000000010000000000000          0008318973461500000000000000000000000000000000000000000003
1022542123500018830940000316741000000                         00000006292401000000DM 00000000000000000000 01060508200000410820                    100820000000000360010400970010508200000250000000000000000000000000000000000000000000000000000000000000000000000000003600000000000000000000000000000000000000000000000000000010000000000000          0000565324365500000000000000000000000000000000000000000004
1022542123500018830940000316741000000                         00000006063701000000DM 00000000000000000000 01060508200005190720                    100720000000000360010400970010508200000250000000000000000000000000000000000000000000000000000000000000000000000000003603000000000000300000000000000000000000000000000000000010000000000000          0007188477760000000000000000000000000000000000000000000005
1022542123500018830940000316741000000                         00000006651001000000DM 00000000000000000000 01060508200004220820                    100820000000000360010400970010508200000250000000000000000000000000000000000000000000000000000000000000000000000000003600000000000000000000000000000000000000000000000000000010000000000000          0007415855469100000000000000000000000000000000000000000006
1022542123500018830940000316741000000                         00000006028901000000DM 00000000000000000000 01060408200013270820                    100820000000000360010400970010408200000250000000000000000000000000000000000000000000000000000000000000000000000000003600000000000000000000000000000000000000000000000000000010000000000000          0005974586069700000000000000000000000000000000000000000007
1022542123500018830940000316741000000                         00000006112301000000DM 00000000000000000000 01060308200028820820                    100820000000000400010400970010308200000250000000000000000000000000000000000000000000000000000000000000000000000000004000000000000000000000000000000000000000000000000000000010000000000000          0002486093060600000000000000000000000000000000000000000008
1022542123500018830940000316741000000                         00000005920801000000DM 00000000000000000000 01060308200014580820                    100820000000000360010400970010308200000250000000000000000000000000000000000000000000000000000000000000000000000000003600000000000000000000000000000000000000000000000000000010000000000000          0002361630010000000000000000000000000000000000000000000009
1022542123500018830940000316741000000                         00000006076201000000DM 00000000000000000000 01060308200010210820                    100820000000000360010400970010308200000250000000000000000000000000000000000000000000000000000000000000000000000000003600000000000000000000000000000000000000000000000000000010000000000000          0007187518269100000000000000000000000000000000000000000010
9027563094SICOOB CREDIARA          R D BOSCO                                         Centro                        38183228Araxá                         MG140820200000000900000000113                                                                                                                                                                                                                    000011
