02RETORNO01COBRANÇA       30940000327964316741J REZENDE                     756 - BANCOOB S/A 1408200000420                                                                                                                                                                                                                                                                                               000001
1022542123500018830940000316741000000                         00000006304801000000DM 00000000000000000000 01061008200004140820                    100820000000000400003331550011008200000250000000000000000000000000000000000000000000000000000000000000000000000000004000000000000000000000000000000000000000000000000000000010000000000000          0000303613564200000000000000000000000000000000000000000002
1022542123500018830940000316741000000                         00000006424701000000DM 00000000000000000000 01061008200004160820                    100820000000000360034109440011008200000250000000000000000000000000000000000000000000000000000000000000000000000000003600000000000000000000000000000000000000000000000000000010000000000000          0009147587261500000000000000000000000000000000000000000003
1022542123500018830940000316741000000                         00000005992801000000DM 00000000000000000000 01061008200025270820                    100820000000000400010400970011008200000250000000000000000000000000000000000000000000000000000000000000000000000000004000000000000000000000000000000000000000000000000000000010000000000000          0000677178867900000000000000000000000000000000000000000004
1022542123500018830940000316741000000                         00000006815801000000DM 00000000000000000000 01061008201000070720                    100820000000000380000142020011008200000250000000000000000000000000000000000000000000000000000000000000000000000000003800000000000000000000000000000000000000000000000000000010000000000000          7097303700069600000000000000000000000000000000000000000005
1022542123500018830940000316741000000                         00000005902501000000DM 00000000000000000000 01091008200030710220                    100220000000000400075630940011008200000100000000000000000000000000000000000000000000000000000000000000000000000000004000000000000000000000000000000000000000000000000000000010000000000000          0000953633063600000000000000000000000000000000000000000006
1022542123500018830940000316741000000                         00000006142401000000DM 00000000000000000000 01091008200030700220                    100220000000000400075630940011008200000100000000000000000000000000000000000000000000000000000000000000000000000000004000000000000000000000000000000000000000000000000000000010000000000000          0001212798465000000000000000000000000000000000000000000007
1022542123500018830940000316741000000                         00000006154201000000DM 00000000000000000000 01091008200004530220                    100220000000000400075630940011008200000100000000000000000000000000000000000000000000000000000000000000000000000000004000000000000000000000000000000000000000000000000000000010000000000000          0000786278560600000000000000000000000000000000000000000008
1022542123500018830940000316741000000                         00000006226801000000DM 00000000000000000000 01091008200017220220                    100220000000000360075630940011008200000100000000000000000000000000000000000000000000000000000000000000000000000000003600000000000000000000000000000000000000000000000000000010000000000000          0000326379860000000000000000000000000000000000000000000009
1022542123500018830940000316741000000                         00000006274101000000DM 00000000000000000000 01091008200029270220                    100220000000000400075630940011008200000100000000000000000000000000000000000000000000000000000000000000000000000000004000000000000000000000000000000000000000000000000000000010000000000000          0001166686868000000000000000000000000000000000000000000010
1022542123500018830940000316741000000                         00000006406401000000DM 00000000000000000000 01091008200027000220                    100220000000000400075630940011008200000100000000000000000000000000000000000000000000000000000000000000000000000000004000000000000000000000000000000000000000000000000000000010000000000000          0000487456467400000000000000000000000000000000000000000011
1022542123500018830940000316741000000                         00000006430101000000DM 00000000000000000000 01091008200004910220                    100220000000000360075630940011008200000100000000000000000000000000000000000000000000000000000000000000000000000000003600000000000000000000000000000000000000000000000000000010000000000000          0002624052160400000000000000000000000000000000000000000012
1022542123500018830940000316741000000                         00000006441201000000DM 00000000000000000000 01091008200030720220                    100220000000000400075630940011008200000100000000000000000000000000000000000000000000000000000000000000000000000000004000000000000000000000000000000000000000000000000000000010000000000000          0000317910663800000000000000000000000000000000000000000013
1022542123500018830940000316741000000                         00000006453001000000DM 00000000000000000000 01091008200008690220                    100220000000000360075630940011008200000100000000000000000000000000000000000000000000000000000000000000000000000000003600000000000000000000000000000000000000000000000000000010000000000000          0000027442861000000000000000000000000000000000000000000014
1022542123500018830940000316741000000                         00000006477701000000DM 00000000000000000000 01091008200022820220                    100220000000000360075630940011008200000100000000000000000000000000000000000000000000000000000000000000000000000000003600000000000000000000000000000000000000000000000000000010000000000000          0007188059365300000000000000000000000000000000000000000015
1022542123500018830940000316741000000                         00000006489501000000DM 00000000000000000000 01091008200029220220                    100220000000000400075630940011008200000100000000000000000000000000000000000000000000000000000000000000000000000000004000000000000000000000000000000000000000000000000000000010000000000000          0005554795862000000000000000000000000000000000000000000016
1022542123500018830940000316741000000                         00000006501001000000DM 00000000000000000000 01091008200029630220                    100220000000000400075630940011008200000100000000000000000000000000000000000000000000000000000000000000000000000000004000000000000000000000000000000000000000000000000000000010000000000000          0000559499965500000000000000000000000000000000000000000017
1022542123500018830940000316741000000                         00000006513801000000DM 00000000000000000000 01091008200005450220                    100220000000000360075630940011008200000100000000000000000000000000000000000000000000000000000000000000000000000000003600000000000000000000000000000000000000000000000000000010000000000000          0003013578866800000000000000000000000000000000000000000018
1022542123500018830940000316741000000                         00000006597601000000DM 00000000000000000000 01091008200004370220                    100220000000000360075630940011008200000100000000000000000000000000000000000000000000000000000000000000000000000000003600000000000000000000000000000000000000000000000000000010000000000000          0001313854565300000000000000000000000000000000000000000019
1022542123500018830940000316741000000                         00000006621901000000DM 00000000000000000000 01091008200030760220                    100220000000000400075630940011008200000100000000000000000000000000000000000000000000000000000000000000000000000000004000000000000000000000000000000000000000000000000000000010000000000000          0000479186480800000000000000000000000000000000000000000020
1022542123500018830940000316741000000                         00000006657301000000DM 00000000000000000000 01091008200029710220                    100220000000000400075630940011008200000100000000000000000000000000000000000000000000000000000000000000000000000000004000000000000000000000000000000000000000000000000000000010000000000000          0002729840060600000000000000000000000000000000000000000021
1022542123500018830940000316741000000                         00000006679501000000DM 00000000000000000000 01091008200008470220                    100220000000000400075630940011008200000100000000000000000000000000000000000000000000000000000000000000000000000000004000000000000000000000000000000000000000000000000000000010000000000000          0000150671660100000000000000000000000000000000000000000022
1022542123500018830940000316741000000                         00000006738501000000DM 00000000000000000000 01091008201000070120                    100220000000000380075630940011008200000100000000000000000000000000000000000000000000000000000000000000000000000000003800000000000000000000000000000000000000000000000000000010000000000000          7097303700069600000000000000000000000000000000000000000023
1022542123500018830940000316741000000                         00000006739201000000DM 00000000000000000000 01091008201000100120                    100220000000001490075630940011008200000100000000000000000000000000000000000000000000000000000000000000000000000000014900000000000000000000000000000000000000000000000000000010000000000000          7097303700034300000000000000000000000000000000000000000024
1022542123500018830940000316741000000                         00000006741801000000DM 00000000000000000000 01091008201000150120                    100220000000000380075630940011008200000100000000000000000000000000000000000000000000000000000000000000000000000000003800000000000000000000000000000000000000000000000000000010000000000000          7097303700093900000000000000000000000000000000000000000025
1022542123500018830940000316741000000                         00000006742501000000DM 00000000000000000000 01091008201000261219                    100220000000005048075630940011008200000100000000000000000000000000000000000000000000000000000000000000000000000000050480000000000000000000000000000000000000000000000000000010000000000000          0098386400017000000000000000000000000000000000000000000026
1022542123500018830940000316741000000                         00000006746401000000DM 00000000000000000000 01091008201000180120                    100220000000002820075630940011008200000100000000000000000000000000000000000000000000000000000000000000000000000000028200000000000000000000000000000000000000000000000000000010000000000000          1823706600016500000000000000000000000000000000000000000027
1022542123500018830940000316741000000                         00000006316601000000DM 00000000000000000000 01061008200004270820                    100820000000000360023716910011008200000250000000000000000000000000000000000000000000000000000000000000000000000000003600000000000000000000000000000000000000000000000000000010000000000000          0000329979965700000000000000000000000000000000000000000028
1022542123500018830940000316741000000                         00000006825101000000DM 00000000000000000000 01061008201000271020                    100820000000002072075630940011008200000250000000000000000000000000000000000000000000000000000000000000000000000000020720000000000000000000000000000000000000000000000000000010000000000000          0534793700015100000000000000000000000000000000000000000029
1022542123500018830940000316741000000                         00000006824401000000DM 00000000000000000000 01061008201000270920                    100820000000002072075630940011008200000250000000000000000000000000000000000000000000000000000000000000000000000000020720000000000000000000000000000000000000000000000000000010000000000000          0534793700015100000000000000000000000000000000000000000030
1022542123500018830940000316741000000                         00000006822001000000DM 00000000000000000000 01061008201000270820                    100820000000002072075630940011008200000250000000000000000000000000000000000000000000000000000000000000000000000000020720000000000000000000000000000000000000000000000000000010000000000000          0534793700015100000000000000000000000000000000000000000031
1022542123500018830940000316741000000                         00000006820501000000DM 00000000000000000000 01061008201000250720                    100820000000039510010400970011008200000250000000000000000000000000000000000000000000000000000000000000000000000000395100000000000000000000000000000000000000000000000000000010000000000000          2604122800011300000000000000000000000000000000000000000032
1022542123500018830940000316741000000                         00000006400001000000DM 00000000000000000000 01061008200030690820                    100820000000000400075630940011008200000250000000000000000000000000000000000000000000000000000000000000000000000000004000000000000000000000000000000000000000000000000000000010000000000000          0006037461660400000000000000000000000000000000000000000033
1022542123500018830940000316741000000                         00000006817201000000DM 00000000000000000000 01061008201000150720                    100820000000000380000142020011008200000250000000000000000000000000000000000000000000000000000000000000000000000000003800000000000000000000000000000000000000000000000000000010000000000000          7097303700093900000000000000000000000000000000000000000034
1022542123500018830940000316741000000                         00000006816501000000DM 00000000000000000000 01061008201000100720                    100820000000000760000142020011008200000250000000000000000000000000000000000000000000000000000000000000000000000000007600000000000000000000000000000000000000000000000000000010000000000000          7097303700034300000000000000000000000000000000000000000035
1022542123500018830940000316741000000                         00000006040801000000DM 00000000000000000000 01061008200017950820                    100820000000000360010400970011008200000250000000000000000000000000000000000000000000000000000000000000000000000000003600000000000000000000000000000000000000000000000000000010000000000000          0000027258068600000000000000000000000000000000000000000036
1022542123500018830940000316741000000                         00000006172501000000DM 00000000000000000000 01061008200006480820                    100820000000000400010400970011008200000250000000000000000000000000000000000000000000000000000000000000000000000000004000000000000000000000000000000000000000000000000000000010000000000000          0001612677762000000000000000000000000000000000000000000037
1022542123500018830940000316741000000                         00000006819701000000DM 00000000000000000000 01061008201000250720                    100820000000000726010400970011008200000250000000000000000000000000000000000000000000000000000000000000000000000000007260000000000000000000000000000000000000000000000000000010000000000000          2604146700017300000000000000000000000000000000000000000038
1022542123500018830940000316741000000                         00000006821201000000DM 00000000000000000000 01061008201000260720                    100820000000002554010400970011008200000250000000000000000000000000000000000000000000000000000000000000000000000000025540000000000000000000000000000000000000000000000000000010000000000000          0098386400017000000000000000000000000000000000000000000039
1022542123500018830940000316741000000                         00000006753601000000DM 00000000000000000000 01061008200029710820                    100820000000000400003334670011008200000250000000000000000000000000000000000000000000000000000000000000000000000000004000000000000000000000000000000000000000000000000000000010000000000000          0002729840060600000000000000000000000000000000000000000040
1022542123500018830940000316741000000                         00000005932601000000DM 00000000000000000000 01060708200014950820                    100820000000000360010400970010708200000250000000000000000000000000000000000000000000000000000000000000000000000000003600000000000000000000000000000000000000000000000000000010000000000000          0000136752462800000000000000000000000000000000000000000041
1022542123500018830940000316741000000                         00000006124101000000DM 00000000000000000000 01060708200029010820                    100820000000000400010400970010708200000250000000000000000000000000000000000000000000000000000000000000000000000000004000000000000000000000000000000000000000000000000000000010000000000000          0002483652468700000000000000000000000000000000000000000042
1022542123500018830940000316741000000                         00000006220401000000DM 00000000000000000000 01060708200010200820                    100820000000000400010400970010708200000250000000000000000000000000000000000000000000000000000000000000000000000000004000000000000000000000000000000000000000000000000000000010000000000000          0003616071763400000000000000000000000000000000000000000043
1022542123500018830940000316741000000                         00000006100501000000DM 00000000000000000000 01060708200016360820                    100820000000000400010400970010708200000250000000000000000000000000000000000000000000000000000000000000000000000000004000000000000000000000000000000000000000000000000000000010000000000000          0004340692069100000000000000000000000000000000000000000044
1022542123500018830940000316741000000                         00000005980001000000DM 00000000000000000000 01060708200015980820                    100820000000000360010400970010708200000250000000000000000000000000000000000000000000000000000000000000000000000000003600000000000000000000000000000000000000000000000000000010000000000000          0007886934067800000000000000000000000000000000000000000045
1022542123500018830940000316741000000                         00000006412901000000DM 00000000000000000000 01060708200027000820                    100820000000000400010400970010708200000250000000000000000000000000000000000000000000000000000000000000000000000000004000000000000000000000000000000000000000000000000000000010000000000000          0000487456467400000000000000000000000000000000000000000046
1022542123500018830940000316741000000                         00000006823701000000DM 00000000000000000000 01061008201000280820                    100820000000001036075640790011008200000250000000000000000000000000000000000000000000000000000000000000000000000000010360000000000000000000000000000000000000000000000000000010000000000000          0581273600018800000000000000000000000000000000000000000047
9027563094SICOOB CREDIARA          R D BOSCO                                         Centro                        38183228Araxá                         MG140820200000004600000000113                                                                                                                                                                                                                    000048
