02RETORNO01COBRANÇA       30940000327964316741J REZENDE                     756 - BANCOOB S/A 1408200000421                                                                                                                                                                                                                                                                                               000001
1022542123500018830940000316741000000                         00000006064401000000DM 00000000000000000000 01061308200005190820                    100820000000000360010400970011308200000250000000000000000000000000000000000000000000000000000000000000000000000000003603000000000000300000000000000000000000000000000000000010000000000000          0007188477760000000000000000000000000000000000000000000002
1022542123500018830940000316741000000                         00000006591201000000DM 00000000000000000000 01061308200023040820                    100820000000000400010400970011308200000250000000000000000000000000000000000000000000000000000000000000000000000000004004000000000000400000000000000000000000000000000000000010000000000000          0004225353567200000000000000000000000000000000000000000003
1022542123500018830940000316741000000                         00000006385401000000DM 00000000000000000000 01061208200028810520                    100520000000000400023716910011208200000250000000000000000000000000000000000000000000000000000000000000000000000000004004000000000000400000000000000000000000000000000000000010000000000000          0002729612165300000000000000000000000000000000000000000004
1022542123500018830940000316741000000                         00000006386101000000DM 00000000000000000000 01061208200028810620                    100620000000000400023716910011208200000250000000000000000000000000000000000000000000000000000000000000000000000000004004000000000000400000000000000000000000000000000000000010000000000000          0002729612165300000000000000000000000000000000000000000005
1022542123500018830940000316741000000                         00000005955501000000DM 00000000000000000000 01061208200028160720                    100720000000000400010400970011208200000250000000000000000000000000000000000000000000000000000000000000000000000000004004000000000000400000000000000000000000000000000000000010000000000000          0008257197068200000000000000000000000000000000000000000006
1022542123500018830940000316741000000                         00000006685001000000DM 00000000000000000000 01061208200008470820                    100820000000000400010400970011208200000250000000000000000000000000000000000000000000000000000000000000000000000000004004000000000000400000000000000000000000000000000000000010000000000000          0000150671660100000000000000000000000000000000000000000007
1022542123500018830940000316741000000                         00000006328401000000DM 00000000000000000000 01061108200005930820                    100820000000000360010400970011108200000250000000000000000000000000000000000000000000000000000000000000000000000000003603000000000000300000000000000000000000000000000000000010000000000000          0003023575860400000000000000000000000000000000000000000008
1022542123500018830940000316741000000                         00000006472001000000DM 00000000000000000000 01061108200010140920                    100920000000000400010400970011108200000250000000000000000000000000000000000000000000000000000000000000000000000000004000000000000000000000000000000000000000000000000000000010000000000000          0005764752663400000000000000000000000000000000000000000009
9027563094SICOOB CREDIARA          R D BOSCO                                         Centro                        38183228Araxá                         MG140820200000000800000000113                                                                                                                                                                                                                    000010
