02RETORNO01COBRANÇA       30940000327964316741J REZENDE                     756 - BANCOOB S/A 1408200000417                                                                                                                                                                                                                                                                                               000001
1022542123500018830940000316741000000                         00000006542101000000DM 00000000000000000000 01062407200010620720                    100720000000000360010400970012407200000250000000000000000000000000000000000000000000000000000000000000000000000000003603000000000000300000000000000000000000000000000000000010000000000000          0000055756263500000000000000000000000000000000000000000002
9027563094SICOOB CREDIARA          R D BOSCO                                         Centro                        38183228Araxá                         MG140820200000000100000000113                                                                                                                                                                                                                    000003
