02RETORNO01COBRANÇA       30940000327964316741J REZENDE                     756 - BANCOOB S/A 1408200000416                                                                                                                                                                                                                                                                                               000001
1022542123500018830940000316741000000                         00000006590501000000DM 00000000000000000000 01061307200023040720                    100720000000000400010400970011307200000250000000000000000000000000000000000000000000000000000000000000000000000000004004000000000000400000000000000000000000000000000000000010000000000000          0004225353567200000000000000000000000000000000000000000002
1022542123500018830940000316741000000                         00000006684201000000DM 00000000000000000000 01061307200008470720                    100720000000000400010400970011307200000250000000000000000000000000000000000000000000000000000000000000000000000000004004000000000000400000000000000000000000000000000000000010000000000000          0000150671660100000000000000000000000000000000000000000003
1022542123500018830940000316741000000                         00000006471301000000DM 00000000000000000000 01061307200010140820                    100820000000000400010400970011307200000250000000000000000000000000000000000000000000000000000000000000000000000000004000000000000000000000000000000000000000000000000000000010000000000000          0005764752663400000000000000000000000000000000000000000004
9027563094SICOOB CREDIARA          R D BOSCO                                         Centro                        38183228Araxá                         MG140820200000000300000000113                                                                                                                                                                                                                    000005
