02RETORNO01COBRANÇA       30940000327964316741INOVA TECNOLOGIA DE INFORMACAO756 - BANCOOB S/A 2504220000538                                                                                                                                                                                                                                                                                               000001
1022542123500018830940000316741000000                         00000007725901000000DM 00000000000000000000 01060104220028820422                    100422000000000420010400970010104220000250000000000000000000000000000000000000000000000000000000000000000000000000004200000000000000000000000000000000000000000000000000000010000000000000          0008182941865300000000000000000000000000000000000000000002
1022542123500018830940000316741000000                         00000007867001000000DM 00000000000000000000 01063103220011610422                    100422000000000400010400970013103220000250000000000000000000000000000000000000000000000000000000000000000000000000004000000000000000000000000000000000000000000000000000000010000000000000          0004342743060000000000000000000000000000000000000000000003
1022542123500018830940000316741000000                         00000007815701000000DM 00000000000000000000 01063003220035750322                    100322000000000420010400970013003220000250000000000000000000000000000000000000000000000000000000000000000000000000004204000000000000400000000000000000000000000000000000000010000000000000          0000188321888800000000000000000000000000000000000000000004
1022542123500018830940000316741000000                         00000007806001000000DM 00000000000000000000 01063003220035750422                    100422000000000420010400970013003220000250000000000000000000000000000000000000000000000000000000000000000000000000004200000000000000000000000000000000000000000000000000000010000000000000          0000188321888800000000000000000000000000000000000000000005
9027563094SICOOB CREDIARA          R D BOSCO                                         Centro                        38183228Araxá                         MG250420220000000400000000113                                                                                                                                                                                                                    000006
