02RETORNO01COBRANÇA       30940000327964316741INOVA TECNOLOGIA DE INFORMACAO756 - BANCOOB S/A 2504220000541                                                                                                                                                                                                                                                                                               000001
1022542123500018830940000316741000000                         00000007628901000000DM 00000000000000000000 01061904220010140522                    100522000000000420010400970011904220000250000000000000000000000000000000000000000000000000000000000000000000000000004200000000000000000000000000000000000000000000000000000010000000000000          0005764752663400000000000000000000000000000000000000000002
1022542123500018830940000316741000000                         00000008085701000000DM 00000000000000000000 01061804220035830422                    170422000000000420075630940011804220000250000000000000000000000000000000000000000000000000000000000000000000000000004200000000000000000000000000000000000000000000000000000010000000000000          0001164956566600000000000000000000000000000000000000000003
9027563094SICOOB CREDIARA          R D BOSCO                                         Centro                        38183228Araxá                         MG250420220000000200000000113                                                                                                                                                                                                                    000004
