02RETORNO01COBRANÇA       30940000327964316741INOVA TECNOLOGIA DE INFORMACAO756 - BANCOOB S/A 2504220000534                                                                                                                                                                                                                                                                                               000001
1022542123500018830940000316741000000                         00000007830801000000DM 00000000000000000000 01060403220035800322                    100322000000000420010400970010403220000250000000000000000000000000000000000000000000000000000000000000000000000000004200000000000000000000000000000000000000000000000000000010000000000000          0008803228063400000000000000000000000000000000000000000002
1022542123500018830940000316741000000                         00000007854401000000DM 00000000000000000000 01060303220013890322                    100322000000000420010400970010303220000250000000000000000000000000000000000000000000000000000000000000000000000000004200000000000000000000000000000000000000000000000000000010000000000000          0000690262868800000000000000000000000000000000000000000003
1022542123500018830940000316741000000                         00000007724101000000DM 00000000000000000000 01060303220028820322                    100322000000000420010400970010303220000250000000000000000000000000000000000000000000000000000000000000000000000000004200000000000000000000000000000000000000000000000000000010000000000000          0008182941865300000000000000000000000000000000000000000004
1022542123500018830940000316741000000                         00000007853701000000DM 00000000000000000000 01060303220013890222                    100222000000000420010400970010303220000250000000000000000000000000000000000000000000000000000000000000000000000000004204000000000000400000000000000000000000000000000000000010000000000000          0000690262868800000000000000000000000000000000000000000005
1022542123500018830940000316741000000                         00000007878001000000DM 00000000000000000000 01060303220014580322                    100322000000000400010400970010303220000250000000000000000000000000000000000000000000000000000000000000000000000000004000000000000000000000000000000000000000000000000000000010000000000000          0002361630010000000000000000000000000000000000000000000006
1022542123500018830940000316741000000                         00000007700501000000DM 00000000000000000000 01060303220026740322                    100322000000000420010400970010303220000250000000000000000000000000000000000000000000000000000000000000000000000000004200000000000000000000000000000000000000000000000000000010000000000000          0000954360460600000000000000000000000000000000000000000007
1022542123500018830940000316741000000                         00000007866201000000DM 00000000000000000000 01060303220011610322                    100322000000000400010400970010303220000250000000000000000000000000000000000000000000000000000000000000000000000000004000000000000000000000000000000000000000000000000000000010000000000000          0004342743060000000000000000000000000000000000000000000008
9027563094SICOOB CREDIARA          R D BOSCO                                         Centro                        38183228Araxá                         MG250420220000000700000000113                                                                                                                                                                                                                    000009
