02RETORNO01COBRANÇA       30940000327964316741INOVA TECNOLOGIA DE INFORMACAO756 - BANCOOB S/A 2504220000536                                                                                                                                                                                                                                                                                               000001
1022542123500018830940000316741000000                         00000007974301000000DM 00000000000000000000 01061403220004160322                    100322000000000400008100010011403220000250000000000000000000000000000000000000000000000000000000000000000000000000004004000000000000400000000000000000000000000000000000000010000000000000          0009147587261500000000000000000000000000000000000000000002
1022542123500018830940000316741000000                         00000008022301000000DM 00000000000000000000 01061403220008690322                    100322000000000400010400970011403220000250000000000000000000000000000000000000000000000000000000000000000000000000004004000000000000400000000000000000000000000000000000000010000000000000          0000027442861000000000000000000000000000000000000000000003
1022542123500018830940000316741000000                         00000007962501000000DM 00000000000000000000 01061403220000410322                    100322000000000400010400970011403220000250000000000000000000000000000000000000000000000000000000000000000000000000004004000000000000400000000000000000000000000000000000000010000000000000          0000565324365500000000000000000000000000000000000000000004
1022542123500018830940000316741000000                         00000007749501000000DM 00000000000000000000 01061103220030690422                    100422000000000420075630940011103220000250000000000000000000000000000000000000000000000000000000000000000000000000004200000000000000000000000000000000000000000000000000000010000000000000          0006037461660400000000000000000000000000000000000000000005
1022542123500018830940000316741000000                         00000007750301000000DM 00000000000000000000 01061103220030690522                    100522000000000420075630940011103220000250000000000000000000000000000000000000000000000000000000000000000000000000004200000000000000000000000000000000000000000000000000000010000000000000          0006037461660400000000000000000000000000000000000000000006
1022542123500018830940000316741000000                         00000007751001000000DM 00000000000000000000 01061103220030690622                    100622000000000420075630940011103220000250000000000000000000000000000000000000000000000000000000000000000000000000004200000000000000000000000000000000000000000000000000000010000000000000          0006037461660400000000000000000000000000000000000000000007
1022542123500018830940000316741000000                         00000007752801000000DM 00000000000000000000 01061103220030690722                    100722000000000420075630940011103220000250000000000000000000000000000000000000000000000000000000000000000000000000004200000000000000000000000000000000000000000000000000000010000000000000          0006037461660400000000000000000000000000000000000000000008
1022542123500018830940000316741000000                         00000007712301000000DM 00000000000000000000 01061103220028150322                    100322000000000420010400970011103220000250000000000000000000000000000000000000000000000000000000000000000000000000004204000000000000400000000000000000000000000000000000000010000000000000          0001026372666500000000000000000000000000000000000000000009
1022542123500018830940000316741000000                         00000007664401000000DM 00000000000000000000 01061103220023040322                    100322000000000420010400970011103220000250000000000000000000000000000000000000000000000000000000000000000000000000004204000000000000400000000000000000000000000000000000000010000000000000          0004225353567200000000000000000000000000000000000000000010
9027563094SICOOB CREDIARA          R D BOSCO                                         Centro                        38183228Araxá                         MG250420220000000900000000113                                                                                                                                                                                                                    000011
