02RETORNO01COBRANÇA       30940000327964316741INOVA TECNOLOGIA DE INFORMACAO756 - BANCOOB S/A 2504220000539                                                                                                                                                                                                                                                                                               000001
1022542123500018830940000316741000000                         00000007891701000000DM 00000000000000000000 01060804220014950422                    100422000000000400010400970010804220000250000000000000000000000000000000000000000000000000000000000000000000000000004000000000000000000000000000000000000000000000000000000010000000000000          0000136752462800000000000000000000000000000000000000000002
1022542123500018830940000316741000000                         00000007605001000000DM 00000000000000000000 01060804220006480422                    100422000000000420010400970010804220000250000000000000000000000000000000000000000000000000000000000000000000000000004200000000000000000000000000000000000000000000000000000010000000000000          0001612677762000000000000000000000000000000000000000000003
1022542123500018830940000316741000000                         00000007855101000000DM 00000000000000000000 01060704220013890422                    100422000000000420000102100010704220000250000000000000000000000000000000000000000000000000000000000000000000000000004200000000000000000000000000000000000000000000000000000010000000000000          0000690262868800000000000000000000000000000000000000000004
1022542123500018830940000316741000000                         00000007641501000000DM 00000000000000000000 01060704220010200422                    100422000000000420010400970010704220000250000000000000000000000000000000000000000000000000000000000000000000000000004200000000000000000000000000000000000000000000000000000010000000000000          0003616071763400000000000000000000000000000000000000000005
1022542123500018830940000316741000000                         00000007987901000000DM 00000000000000000000 01060704220005350422                    100422000000000400010400970010704220000250000000000000000000000000000000000000000000000000000000000000000000000000004000000000000000000000000000000000000000000000000000000010000000000000          0000659773163800000000000000000000000000000000000000000006
1022542123500018830940000316741000000                         00000007689801000000DM 00000000000000000000 01060704220025270422                    100422000000000420010400970010704220000250000000000000000000000000000000000000000000000000000000000000000000000000004200000000000000000000000000000000000000000000000000000010000000000000          0000677178867900000000000000000000000000000000000000000007
1022542123500018830940000316741000000                         00000007951401000000DM 00000000000000000000 01060604220001140422                    100422000000000400010400970010604220000250000000000000000000000000000000000000000000000000000000000000000000000000004000000000000000000000000000000000000000000000000000000010000000000000          0004897155363400000000000000000000000000000000000000000008
1022542123500018830940000316741000000                         00000007903001000000DM 00000000000000000000 01060504220005190422                    100422000000000400010400970010504220000250000000000000000000000000000000000000000000000000000000000000000000000000004000000000000000000000000000000000000000000000000000000010000000000000          0007188477760000000000000000000000000000000000000000000009
1022542123500018830940000316741000000                         00000008098201000000DM 00000000000000000000 01060504221000250322                    100422000000001045010400970010504220000250000000000000000000000000000000000000000000000000000000000000000000000000010450000000000000000000000000000000000000000000000000000010000000000000          2604146700017300000000000000000000000000000000000000000010
1022542123500018830940000316741000000                         00000007758101000000DM 00000000000000000000 01060404220027000122                    100122000000000420010400970010404220000250000000000000000000000000000000000000000000000000000000000000000000000000004204000000000000400000000000000000000000000000000000000010000000000000          0000487456467400000000000000000000000000000000000000000011
1022542123500018830940000316741000000                         00000007759901000000DM 00000000000000000000 01060404220027000222                    100222000000000420010400970010404220000250000000000000000000000000000000000000000000000000000000000000000000000000004204000000000000400000000000000000000000000000000000000010000000000000          0000487456467400000000000000000000000000000000000000000012
1022542123500018830940000316741000000                         00000007760701000000DM 00000000000000000000 01060404220027000322                    100322000000000420010400970010404220000250000000000000000000000000000000000000000000000000000000000000000000000000004204000000000000400000000000000000000000000000000000000010000000000000          0000487456467400000000000000000000000000000000000000000013
1022542123500018830940000316741000000                         00000007701201000000DM 00000000000000000000 01060404220026740422                    100422000000000420010400970010404220000250000000000000000000000000000000000000000000000000000000000000000000000000004200000000000000000000000000000000000000000000000000000010000000000000          0000954360460600000000000000000000000000000000000000000014
9027563094SICOOB CREDIARA          R D BOSCO                                         Centro                        38183228Araxá                         MG250420220000001300000000113                                                                                                                                                                                                                    000015
