02RETORNO01COBRANÇA       30940000327964316741INOVA TECNOLOGIA DE INFORMACAO756 - BANCOOB S/A 2504220000532                                                                                                                                                                                                                                                                                               000001
1022542123500018830940000316741000000                         00000007636801000000DM 00000000000000000000 01062102220010140322                    100322000000000420010400970012102220000250000000000000000000000000000000000000000000000000000000000000000000000000004200000000000000000000000000000000000000000000000000000010000000000000          0005764752663400000000000000000000000000000000000000000002
1022542123500018830940000316741000000                         00000007783601000000DM 00000000000000000000 01062102220022690222                    100222000000000420010400970012102220000250000000000000000000000000000000000000000000000000000000000000000000000000004204000000000000400000000000000000000000000000000000000010000000000000          0006307307269100000000000000000000000000000000000000000003
1022542123500018830940000316741000000                         00000007517601000000DM 00000000000000000000 01061702220035750222                    100222000000000400010400970011702220000250000000000000000000000000000000000000000000000000000000000000000000000000004004000000000000400000000000000000000000000000000000000010000000000000          0000188321888800000000000000000000000000000000000000000004
9027563094SICOOB CREDIARA          R D BOSCO                                         Centro                        38183228Araxá                         MG250420220000000300000000113                                                                                                                                                                                                                    000005
