02RETORNO01COBRANÇA       30940000327964316741INOVA TECNOLOGIA DE INFORMACAO756 - BANCOOB S/A 2504220000540                                                                                                                                                                                                                                                                                               000001
1022542123500018830940000316741000000                         00000007879801000000DM 00000000000000000000 01061304220014580422                    100422000000000400010400970011304220000250000000000000000000000000000000000000000000000000000000000000000000000000004004000000000000400000000000000000000000000000000000000010000000000000          0002361630010000000000000000000000000000000000000000000002
1022542123500018830940000316741000000                         00000007963201000000DM 00000000000000000000 01061204220000410422                    100422000000000400010400970011204220000250000000000000000000000000000000000000000000000000000000000000000000000000004004000000000000400000000000000000000000000000000000000010000000000000          0000565324365500000000000000000000000000000000000000000003
1022542123500018830940000316741000000                         00000007713001000000DM 00000000000000000000 01061104220028150422                    100422000000000420010400970011104220000250000000000000000000000000000000000000000000000000000000000000000000000000004200000000000000000000000000000000000000000000000000000010000000000000          0001026372666500000000000000000000000000000000000000000004
1022542123500018830940000316741000000                         00000007737701000000DM 00000000000000000000 01061104220029010422                    100422000000000420010400970011104220000250000000000000000000000000000000000000000000000000000000000000000000000000004200000000000000000000000000000000000000000000000000000010000000000000          0002483652468700000000000000000000000000000000000000000005
1022542123500018830940000316741000000                         00000006926001000000DM 00000000000000000000 01091104220004531021                    101021000000000400075630940011104220000100000000000000000000000000000000000000000000000000000000000000000000000000004000000000000000000000000000000000000000000000000000000010000000000000          0000786278560600000000000000000000000000000000000000000006
1022542123500018830940000316741000000                         00000007082601000000DM 00000000000000000000 01091104220027001021                    101021000000000400075630940011104220000100000000000000000000000000000000000000000000000000000000000000000000000000004000000000000000000000000000000000000000000000000000000010000000000000          0000487456467400000000000000000000000000000000000000000007
1022542123500018830940000316741000000                         00000007094401000000DM 00000000000000000000 01091104220022821021                    101021000000000380075630940011104220000100000000000000000000000000000000000000000000000000000000000000000000000000003800000000000000000000000000000000000000000000000000000010000000000000          0007188059365300000000000000000000000000000000000000000008
1022542123500018830940000316741000000                         00000007106801000000DM 00000000000000000000 01091104220027131021                    101021000000000400075630940011104220000100000000000000000000000000000000000000000000000000000000000000000000000000004000000000000000000000000000000000000000000000000000000010000000000000          0009652261564900000000000000000000000000000000000000000009
1022542123500018830940000316741000000                         00000007130501000000DM 00000000000000000000 01091104220004271021                    101021000000000380075630940011104220000100000000000000000000000000000000000000000000000000000000000000000000000000003800000000000000000000000000000000000000000000000000000010000000000000          0000329979965700000000000000000000000000000000000000000010
1022542123500018830940000316741000000                         00000007226701000000DM 00000000000000000000 01091104220029631021                    101021000000000400075630940011104220000100000000000000000000000000000000000000000000000000000000000000000000000000004000000000000000000000000000000000000000000000000000000010000000000000          0000559499965500000000000000000000000000000000000000000011
1022542123500018830940000316741000000                         00000007286901000000DM 00000000000000000000 01091104220010211021                    101021000000000380075630940011104220000100000000000000000000000000000000000000000000000000000000000000000000000000003800000000000000000000000000000000000000000000000000000010000000000000          0007187518269100000000000000000000000000000000000000000012
1022542123500018830940000316741000000                         00000007322001000000DM 00000000000000000000 01091104220010921021                    101021000000000380075630940011104220000100000000000000000000000000000000000000000000000000000000000000000000000000003800000000000000000000000000000000000000000000000000000010000000000000          0007570230469100000000000000000000000000000000000000000013
1022542123500018830940000316741000000                         00000007394001000000DM 00000000000000000000 01091104220004911021                    101021000000000380075630940011104220000100000000000000000000000000000000000000000000000000000000000000000000000000003800000000000000000000000000000000000000000000000000000010000000000000          0002624052160400000000000000000000000000000000000000000014
1022542123500018830940000316741000000                         00000007406301000000DM 00000000000000000000 01091104220005931021                    101021000000000380075630940011104220000100000000000000000000000000000000000000000000000000000000000000000000000000003800000000000000000000000000000000000000000000000000000010000000000000          0003023575860400000000000000000000000000000000000000000015
1022542123500018830940000316741000000                         00000007418101000000DM 00000000000000000000 01091104220028811021                    101021000000000400075630940011104220000100000000000000000000000000000000000000000000000000000000000000000000000000004000000000000000000000000000000000000000000000000000000010000000000000          0002729612165300000000000000000000000000000000000000000016
1022542123500018830940000316741000000                         00000007441101000000DM 00000000000000000000 01091104220022631021                    101021000000000380075630940011104220000100000000000000000000000000000000000000000000000000000000000000000000000000003800000000000000000000000000000000000000000000000000000010000000000000          0002485828563400000000000000000000000000000000000000000017
1022542123500018830940000316741000000                         00000007453001000000DM 00000000000000000000 01091104220030851021                    101021000000000400075630940011104220000100000000000000000000000000000000000000000000000000000000000000000000000000004000000000000000000000000000000000000000000000000000000010000000000000          0000408716762300000000000000000000000000000000000000000018
1022542123500018830940000316741000000                         00000007497301000000DM 00000000000000000000 01091104220029711021                    101021000000000400075630940011104220000100000000000000000000000000000000000000000000000000000000000000000000000000004000000000000000000000000000000000000000000000000000000010000000000000          0002729840060600000000000000000000000000000000000000000019
1022542123500018830940000316741000000                         00000007575301000000DM 00000000000000000000 01091104221000180921                    101021000000003456075630940011104220000100000000000000000000000000000000000000000000000000000000000000000000000000034560000000000000000000000000000000000000000000000000000010000000000000          1823706600016500000000000000000000000000000000000000000020
1022542123500018830940000316741000000                         00000008096801000000DM 00000000000000000000 01061104221000150322                    100422000000000400075684530011104220000250000000000000000000000000000000000000000000000000000000000000000000000000004000000000000000000000000000000000000000000000000000000010000000000000          7097303700093900000000000000000000000000000000000000000021
1022542123500018830940000316741000000                         00000008095001000000DM 00000000000000000000 01061104221000100322                    100422000000000400075684530011104220000250000000000000000000000000000000000000000000000000000000000000000000000000004000000000000000000000000000000000000000000000000000000010000000000000          7097303700034300000000000000000000000000000000000000000022
1022542123500018830940000316741000000                         00000007915901000000DM 00000000000000000000 01061104220009010422                    100422000000000400010400970011104220000250000000000000000000000000000000000000000000000000000000000000000000000000004000000000000000000000000000000000000000000000000000000010000000000000          0009470166060400000000000000000000000000000000000000000023
1022542123500018830940000316741000000                         00000007616001000000DM 00000000000000000000 01061104220008470322                    100322000000000420010400970011104220000250000000000000000000000000000000000000000000000000000000000000000000000000004204000000000000400000000000000000000000000000000000000010000000000000          0000150671660100000000000000000000000000000000000000000024
1022542123500018830940000316741000000                         00000008097501000000DM 00000000000000000000 01061104221000280422                    100422000000000558013657310011104220000250000000000000000000000000000000000000000000000000000000000000000000000000005580000000000000000000000000000000000000000000000000000010000000000000          0581273600018800000000000000000000000000000000000000000025
1022542123500018830940000316741000000                         00000008094301000000DM 00000000000000000000 01061104221000070322                    100422000000000400075684530011104220000250000000000000000000000000000000000000000000000000000000000000000000000000004000000000000000000000000000000000000000000000000000000010000000000000          7097303700069600000000000000000000000000000000000000000026
1022542123500018830940000316741000000                         00000007975001000000DM 00000000000000000000 01061104220004160422                    100422000000000400008100010011104220000250000000000000000000000000000000000000000000000000000000000000000000000000004000000000000000000000000000000000000000000000000000000010000000000000          0009147587261500000000000000000000000000000000000000000027
1022542123500018830940000316741000000                         00000007831501000000DM 00000000000000000000 01061104220035800422                    100422000000000420010400970011104220000250000000000000000000000000000000000000000000000000000000000000000000000000004200000000000000000000000000000000000000000000000000000010000000000000          0008803228063400000000000000000000000000000000000000000028
9027563094SICOOB CREDIARA          R D BOSCO                                         Centro                        38183228Araxá                         MG250420220000002700000000113                                                                                                                                                                                                                    000029
