02RETORNO01COBRANÇA       30940000327964316741INOVA TECNOLOGIA DE INFORMACAO756 - BANCOOB S/A 2504220000533                                                                                                                                                                                                                                                                                               000001
1022542123500018830940000316741000000                         00000007592901000000DM 00000000000000000000 01062502220002360322                    100322000000000420010400970012502220000250000000000000000000000000000000000000000000000000000000000000000000000000004200000000000000000000000000000000000000000000000000000010000000000000          0000569370264200000000000000000000000000000000000000000002
9027563094SICOOB CREDIARA          R D BOSCO                                         Centro                        38183228Araxá                         MG250420220000000100000000113                                                                                                                                                                                                                    000003
