02RETORNO01COBRANÇA       30940000327964316741INOVA TECNOLOGIA DE INFORMACAO756 - BANCOOB S/A 2504220000537                                                                                                                                                                                                                                                                                               000001
1022542123500018830940000316741000000                         00000007593601000000DM 00000000000000000000 01062803220002360422                    100422000000000420010400970012803220000250000000000000000000000000000000000000000000000000000000000000000000000000004200000000000000000000000000000000000000000000000000000010000000000000          0000569370264200000000000000000000000000000000000000000002
1022542123500018830940000316741000000                         00000007784301000000DM 00000000000000000000 01062503220022690322                    100322000000000420010400970012503220000250000000000000000000000000000000000000000000000000000000000000000000000000004204000000000000400000000000000000000000000000000000000010000000000000          0006307307269100000000000000000000000000000000000000000003
1022542123500018830940000316741000000                         00000007637501000000DM 00000000000000000000 01062403220010140422                    100422000000000420010400970012403220000250000000000000000000000000000000000000000000000000000000000000000000000000004200000000000000000000000000000000000000000000000000000010000000000000          0005764752663400000000000000000000000000000000000000000004
9027563094SICOOB CREDIARA          R D BOSCO                                         Centro                        38183228Araxá                         MG250420220000000300000000113                                                                                                                                                                                                                    000005
