02RETORNO01COBRANÇA       30940000327964316741INOVA TECNOLOGIA DE INFORMACAO756 - BANCOOB S/A 2504220000535                                                                                                                                                                                                                                                                                               000001
1022542123500018830940000316741000000                         00000007604201000000DM 00000000000000000000 01061003220006480322                    100322000000000420010400970011003220000250000000000000000000000000000000000000000000000000000000000000000000000000004200000000000000000000000000000000000000000000000000000010000000000000          0001612677762000000000000000000000000000000000000000000002
1022542123500018830940000316741000000                         00000007914101000000DM 00000000000000000000 01061003220009010322                    100322000000000400010400970011003220000250000000000000000000000000000000000000000000000000000000000000000000000000004000000000000000000000000000000000000000000000000000000010000000000000          0009470166060400000000000000000000000000000000000000000003
1022542123500018830940000316741000000                         00000006925301000000DM 00000000000000000000 01091003220004530921                    100921000000000400075630940011003220000100000000000000000000000000000000000000000000000000000000000000000000000000004000000000000000000000000000000000000000000000000000000010000000000000          0000786278560600000000000000000000000000000000000000000004
1022542123500018830940000316741000000                         00000007081901000000DM 00000000000000000000 01091003220027000921                    100921000000000400075630940011003220000100000000000000000000000000000000000000000000000000000000000000000000000000004000000000000000000000000000000000000000000000000000000010000000000000          0000487456467400000000000000000000000000000000000000000005
1022542123500018830940000316741000000                         00000007093701000000DM 00000000000000000000 01091003220022820921                    100921000000000380075630940011003220000100000000000000000000000000000000000000000000000000000000000000000000000000003800000000000000000000000000000000000000000000000000000010000000000000          0007188059365300000000000000000000000000000000000000000006
1022542123500018830940000316741000000                         00000007105001000000DM 00000000000000000000 01091003220027130921                    100921000000000400075630940011003220000100000000000000000000000000000000000000000000000000000000000000000000000000004000000000000000000000000000000000000000000000000000000010000000000000          0009652261564900000000000000000000000000000000000000000007
1022542123500018830940000316741000000                         00000007117901000000DM 00000000000000000000 01091003220011030921                    100921000000000380075630940011003220000100000000000000000000000000000000000000000000000000000000000000000000000000003800000000000000000000000000000000000000000000000000000010000000000000          0008715135969100000000000000000000000000000000000000000008
1022542123500018830940000316741000000                         00000007129701000000DM 00000000000000000000 01091003220004270921                    100921000000000380075630940011003220000100000000000000000000000000000000000000000000000000000000000000000000000000003800000000000000000000000000000000000000000000000000000010000000000000          0000329979965700000000000000000000000000000000000000000009
1022542123500018830940000316741000000                         00000007201301000000DM 00000000000000000000 01091003220008690921                    100921000000000380075630940011003220000100000000000000000000000000000000000000000000000000000000000000000000000000003800000000000000000000000000000000000000000000000000000010000000000000          0000027442861000000000000000000000000000000000000000000010
1022542123500018830940000316741000000                         00000007225001000000DM 00000000000000000000 01091003220029630921                    100921000000000400075630940011003220000100000000000000000000000000000000000000000000000000000000000000000000000000004000000000000000000000000000000000000000000000000000000010000000000000          0000559499965500000000000000000000000000000000000000000011
1022542123500018830940000316741000000                         00000007285101000000DM 00000000000000000000 01091003220010210921                    100921000000000380075630940011003220000100000000000000000000000000000000000000000000000000000000000000000000000000003800000000000000000000000000000000000000000000000000000010000000000000          0007187518269100000000000000000000000000000000000000000012
1022542123500018830940000316741000000                         00000007321201000000DM 00000000000000000000 01091003220010920921                    100921000000000380075630940011003220000100000000000000000000000000000000000000000000000000000000000000000000000000003800000000000000000000000000000000000000000000000000000010000000000000          0007570230469100000000000000000000000000000000000000000013
1022542123500018830940000316741000000                         00000007393201000000DM 00000000000000000000 01091003220004910921                    100921000000000380075630940011003220000100000000000000000000000000000000000000000000000000000000000000000000000000003800000000000000000000000000000000000000000000000000000010000000000000          0002624052160400000000000000000000000000000000000000000014
1022542123500018830940000316741000000                         00000007405601000000DM 00000000000000000000 01091003220005930921                    100921000000000380075630940011003220000100000000000000000000000000000000000000000000000000000000000000000000000000003800000000000000000000000000000000000000000000000000000010000000000000          0003023575860400000000000000000000000000000000000000000015
1022542123500018830940000316741000000                         00000007417401000000DM 00000000000000000000 01091003220028810921                    100921000000000400075630940011003220000100000000000000000000000000000000000000000000000000000000000000000000000000004000000000000000000000000000000000000000000000000000000010000000000000          0002729612165300000000000000000000000000000000000000000016
1022542123500018830940000316741000000                         00000007440401000000DM 00000000000000000000 01091003220022630921                    100921000000000380075630940011003220000100000000000000000000000000000000000000000000000000000000000000000000000000003800000000000000000000000000000000000000000000000000000010000000000000          0002485828563400000000000000000000000000000000000000000017
1022542123500018830940000316741000000                         00000007452201000000DM 00000000000000000000 01091003220030850921                    100921000000000400075630940011003220000100000000000000000000000000000000000000000000000000000000000000000000000000004000000000000000000000000000000000000000000000000000000010000000000000          0000408716762300000000000000000000000000000000000000000018
1022542123500018830940000316741000000                         00000007496601000000DM 00000000000000000000 01091003220029710921                    100921000000000400075630940011003220000100000000000000000000000000000000000000000000000000000000000000000000000000004000000000000000000000000000000000000000000000000000000010000000000000          0002729840060600000000000000000000000000000000000000000019
1022542123500018830940000316741000000                         00000007569901000000DM 00000000000000000000 01091003221000180821                    100921000000004556075630940011003220000100000000000000000000000000000000000000000000000000000000000000000000000000045560000000000000000000000000000000000000000000000000000010000000000000          1823706600016500000000000000000000000000000000000000000020
1022542123500018830940000316741000000                         00000007736001000000DM 00000000000000000000 01061003220029010322                    100322000000000420010400970011003220000250000000000000000000000000000000000000000000000000000000000000000000000000004200000000000000000000000000000000000000000000000000000010000000000000          0002483652468700000000000000000000000000000000000000000021
1022542123500018830940000316741000000                         00000007950701000000DM 00000000000000000000 01061003220001140322                    100322000000000400010400970011003220000250000000000000000000000000000000000000000000000000000000000000000000000000004000000000000000000000000000000000000000000000000000000010000000000000          0004897155363400000000000000000000000000000000000000000022
1022542123500018830940000316741000000                         00000007615301000000DM 00000000000000000000 01060903220008470222                    100222000000000420010400970010903220000250000000000000000000000000000000000000000000000000000000000000000000000000004204000000000000400000000000000000000000000000000000000010000000000000          0000150671660100000000000000000000000000000000000000000023
1022542123500018830940000316741000000                         00000007276501000000DM 00000000000000000000 01060903220010481221                    101221000000000400010400970010903220000250000000000000000000000000000000000000000000000000000000000000000000000000004004000000000000400000000000000000000000000000000000000010000000000000          0000027554260200000000000000000000000000000000000000000024
1022542123500018830940000316741000000                         00000007652601000000DM 00000000000000000000 01060803220016360322                    100322000000000420010400970010803220000250000000000000000000000000000000000000000000000000000000000000000000000000004200000000000000000000000000000000000000000000000000000010000000000000          0004340692069100000000000000000000000000000000000000000025
1022542123500018830940000316741000000                         00000007748801000000DM 00000000000000000000 01060803220030690322                    100322000000000420075630940010803220000250000000000000000000000000000000000000000000000000000000000000000000000000004200000000000000000000000000000000000000000000000000000010000000000000          0006037461660400000000000000000000000000000000000000000026
1022542123500018830940000316741000000                         00000007688001000000DM 00000000000000000000 01060803220025270322                    100322000000000420010400970010803220000250000000000000000000000000000000000000000000000000000000000000000000000000004200000000000000000000000000000000000000000000000000000010000000000000          0000677178867900000000000000000000000000000000000000000027
1022542123500018830940000316741000000                         00000007902301000000DM 00000000000000000000 01060803220005190322                    100322000000000400010400970010803220000250000000000000000000000000000000000000000000000000000000000000000000000000004000000000000000000000000000000000000000000000000000000010000000000000          0007188477760000000000000000000000000000000000000000000028
1022542123500018830940000316741000000                         00000007890001000000DM 00000000000000000000 01060703220014950322                    100322000000000400010400970010703220000250000000000000000000000000000000000000000000000000000000000000000000000000004000000000000000000000000000000000000000000000000000000010000000000000          0000136752462800000000000000000000000000000000000000000029
1022542123500018830940000316741000000                         00000007640801000000DM 00000000000000000000 01060703220010200322                    100322000000000420010400970010703220000250000000000000000000000000000000000000000000000000000000000000000000000000004200000000000000000000000000000000000000000000000000000010000000000000          0003616071763400000000000000000000000000000000000000000030
1022542123500018830940000316741000000                         00000007986101000000DM 00000000000000000000 01060703220005350322                    100322000000000400010400970010703220000250000000000000000000000000000000000000000000000000000000000000000000000000004000000000000000000000000000000000000000000000000000000010000000000000          0000659773163800000000000000000000000000000000000000000031
9027563094SICOOB CREDIARA          R D BOSCO                                         Centro                        38183228Araxá                         MG250420220000003000000000113                                                                                                                                                                                                                    000032
