02RETORNO01COBRANÇA       30940000327964316741J REZENDE                     756 - BANCOOB S/A 1307200000413                                                                                                                                                                                                                                                                                               000001
1022542123500018830940000316741000000                         00000006410401000000DM 00000000000000000000 01062506200027000620                    100620000000000400010400970012506200000250000000000000000000000000000000000000000000000000000000000000000000000000004004000000000000400000000000000000000000000000000000000010000000000000          0000487456467400000000000000000000000000000000000000000002
1022542123500018830940000316741000000                         00000006541401000000DM 00000000000000000000 01062206200010620620                    100620000000000360010400970012206200000250000000000000000000000000000000000000000000000000000000000000000000000000003603000000000000300000000000000000000000000000000000000010000000000000          0000055756263500000000000000000000000000000000000000000003
9027563094SICOOB CREDIARA          R D BOSCO                                         Centro                        38183228Araxá                         MG130720200000000200000000113                                                                                                                                                                                                                    000004
