02RETORNO01COBRANÇA       30940000327964316741J REZENDE                     756 - BANCOOB S/A 1307200000415                                                                                                                                                                                                                                                                                               000001
1022542123500018830940000316741000000                         00000006616101000000DM 00000000000000000000 01061007200005350920                    100920000000000360010400970011007200000250000000000000000000000000000000000000000000000000000000000000000000000000003600000000000000000000000000000000000000000000000000000010000000000000          0000659773163800000000000000000000000000000000000000000002
1022542123500018830940000316741000000                         00000006195401000000DM 00000000000000000000 01061007200009010720                    100720000000000360010400970011007200000250000000000000000000000000000000000000000000000000000000000000000000000000003600000000000000000000000000000000000000000000000000000010000000000000          0009470166060400000000000000000000000000000000000000000003
1022542123500018830940000316741000000                         00000006814001000000DM 00000000000000000000 01061007201000280720                    100720000000001036010400970011007200000250000000000000000000000000000000000000000000000000000000000000000000000000010360000000000000000000000000000000000000000000000000000010000000000000          0581273600018800000000000000000000000000000000000000000004
1022542123500018830940000316741000000                         00000006315901000000DM 00000000000000000000 01061007200004270720                    100720000000000360010400970011007200000250000000000000000000000000000000000000000000000000000000000000000000000000003600000000000000000000000000000000000000000000000000000010000000000000          0000329979965700000000000000000000000000000000000000000005
1022542123500018830940000316741000000                         00000006423001000000DM 00000000000000000000 01061007200004160720                    100720000000000360010400970011007200000250000000000000000000000000000000000000000000000000000000000000000000000000003600000000000000000000000000000000000000000000000000000010000000000000          0009147587261500000000000000000000000000000000000000000006
1022542123500018830940000316741000000                         00000006812601000000DM 00000000000000000000 01061007201000260620                    100720000000001813010400970011007200000250000000000000000000000000000000000000000000000000000000000000000000000000018130000000000000000000000000000000000000000000000000000010000000000000          0098386400017000000000000000000000000000000000000000000007
1022542123500018830940000316741000000                         00000006339501000000DM 00000000000000000000 01060807200010920720                    100720000000000360010400970010807200000250000000000000000000000000000000000000000000000000000000000000000000000000003600000000000000000000000000000000000000000000000000000010000000000000          0007570230469100000000000000000000000000000000000000000008
1022542123500018830940000316741000000                         00000006291701000000DM 00000000000000000000 01060807200000410720                    100720000000000360010400970010807200000250000000000000000000000000000000000000000000000000000000000000000000000000003600000000000000000000000000000000000000000000000000000010000000000000          0000565324365500000000000000000000000000000000000000000009
1022542123500018830940000316741000000                         00000006123401000000DM 00000000000000000000 01060807200029010720                    100720000000000400010400970010807200000250000000000000000000000000000000000000000000000000000000000000000000000000004000000000000000000000000000000000000000000000000000000010000000000000          0002483652468700000000000000000000000000000000000000000010
1022542123500018830940000316741000000                         00000005967301000000DM 00000000000000000000 01060807200001140720                    100720000000000360010400970010807200000250000000000000000000000000000000000000000000000000000000000000000000000000003600000000000000000000000000000000000000000000000000000010000000000000          0004897155363400000000000000000000000000000000000000000011
1022542123500018830940000316741000000                         00000006614701000000DM 00000000000000000000 01061007200005350720                    100720000000000360010400970011007200000250000000000000000000000000000000000000000000000000000000000000000000000000003600000000000000000000000000000000000000000000000000000010000000000000          0000659773163800000000000000000000000000000000000000000012
1022542123500018830940000316741000000                         00000006615401000000DM 00000000000000000000 01061007200005350820                    100820000000000360010400970011007200000250000000000000000000000000000000000000000000000000000000000000000000000000003600000000000000000000000000000000000000000000000000000010000000000000          0000659773163800000000000000000000000000000000000000000013
1022542123500018830940000316741000000                         00000005931901000000DM 00000000000000000000 01061007200014950720                    100720000000000360010400970011007200000250000000000000000000000000000000000000000000000000000000000000000000000000003600000000000000000000000000000000000000000000000000000010000000000000          0000136752462800000000000000000000000000000000000000000014
1022542123500018830940000316741000000                         00000006810101000000DM 00000000000000000000 01061007201000250620                    100720000000000726010400970011007200000250000000000000000000000000000000000000000000000000000000000000000000000000007260000000000000000000000000000000000000000000000000000010000000000000          2604146700017300000000000000000000000000000000000000000015
1022542123500018830940000316741000000                         00000006303001000000DM 00000000000000000000 01061007200004140720                    100720000000000400003334670011007200000250000000000000000000000000000000000000000000000000000000000000000000000000004000000000000000000000000000000000000000000000000000000010000000000000          0000303613564200000000000000000000000000000000000000000016
1022542123500018830940000316741000000                         00000006171801000000DM 00000000000000000000 01061007200006480720                    100720000000000400010400970011007200000250000000000000000000000000000000000000000000000000000000000000000000000000004000000000000000000000000000000000000000000000000000000010000000000000          0001612677762000000000000000000000000000000000000000000017
1022542123500018830940000316741000000                         00000006813301000000DM 00000000000000000000 01061007201000270720                    100720000000002072075630940011007200000250000000000000000000000000000000000000000000000000000000000000000000000000020720000000000000000000000000000000000000000000000000000010000000000000          0534793700015100000000000000000000000000000000000000000018
1022542123500018830940000316741000000                         00000006808601000000DM 00000000000000000000 01061007201000150620                    100720000000000380000142020011007200000250000000000000000000000000000000000000000000000000000000000000000000000000003800000000000000000000000000000000000000000000000000000010000000000000          7097303700093900000000000000000000000000000000000000000019
1022542123500018830940000316741000000                         00000006399701000000DM 00000000000000000000 01061007200030690720                    100720000000000400075630940011007200000250000000000000000000000000000000000000000000000000000000000000000000000000004000000000000000000000000000000000000000000000000000000010000000000000          0006037461660400000000000000000000000000000000000000000020
1022542123500018830940000316741000000                         00000006807901000000DM 00000000000000000000 01061007201000100620                    100720000000000760000142020011007200000250000000000000000000000000000000000000000000000000000000000000000000000000007600000000000000000000000000000000000000000000000000000010000000000000          7097303700034300000000000000000000000000000000000000000021
1022542123500018830940000316741000000                         00000006806101000000DM 00000000000000000000 01061007201000070620                    100720000000000380000142020011007200000250000000000000000000000000000000000000000000000000000000000000000000000000003800000000000000000000000000000000000000000000000000000010000000000000          7097303700069600000000000000000000000000000000000000000022
1022542123500018830940000316741000000                         00000006087301000000DM 00000000000000000000 01061007200011030720                    100720000000000360063300010011007200000250000000000000000000000000000000000000000000000000000000000000000000000000003600000000000000000000000000000000000000000000000000000010000000000000          0008715135969100000000000000000000000000000000000000000023
1022542123500018830940000316741000000                         00000006051901000000DM 00000000000000000000 01060607200024530720                    100720000000000400010400970010607200000250000000000000000000000000000000000000000000000000000000000000000000000000004000000000000000000000000000000000000000000000000000000010000000000000          0003607094764900000000000000000000000000000000000000000024
1022542123500018830940000316741000000                         00000006062001000000DM 00000000000000000000 01060607200005190620                    100620000000000360010400970010607200000250000000000000000000000000000000000000000000000000000000000000000000000000003603000000000000300000000000000000000000000000000000000010000000000000          0007188477760000000000000000000000000000000000000000000025
1022542123500018830940000316741000000                         00000006039001000000DM 00000000000000000000 01060707200017950720                    100720000000000360010400970010707200000250000000000000000000000000000000000000000000000000000000000000000000000000003600000000000000000000000000000000000000000000000000000010000000000000          0000027258068600000000000000000000000000000000000000000026
1022542123500018830940000316741000000                         00000006351401000000DM 00000000000000000000 01060707200014700720                    100720000000000360010400970010707200000250000000000000000000000000000000000000000000000000000000000000000000000000003600000000000000000000000000000000000000000000000000000010000000000000          0008318973461500000000000000000000000000000000000000000027
1022542123500018830940000316741000000                         00000006708401000000DM 00000000000000000000 01090907201000181219                    100120000000001396075630940010907200000100000000000000000000000000000000000000000000000000000000000000000000000000013960000000000000000000000000000000000000000000000000000010000000000000          1823706600016500000000000000000000000000000000000000000028
1022542123500018830940000316741000000                         00000006704501000000DM 00000000000000000000 01090907201000101219                    100120000000002762075630940010907200000100000000000000000000000000000000000000000000000000000000000000000000000000027620000000000000000000000000000000000000000000000000000010000000000000          7097303700034300000000000000000000000000000000000000000029
1022542123500018830940000316741000000                         00000006690701000000DM 00000000000000000000 01090907200026730120                    100120000000000400075630940010907200000100000000000000000000000000000000000000000000000000000000000000000000000000004000000000000000000000000000000000000000000000000000000010000000000000          0000945536569300000000000000000000000000000000000000000030
1022542123500018830940000316741000000                         00000006656601000000DM 00000000000000000000 01090907200029710120                    100120000000000400075630940010907200000100000000000000000000000000000000000000000000000000000000000000000000000000004000000000000000000000000000000000000000000000000000000010000000000000          0002729840060600000000000000000000000000000000000000000031
1022542123500018830940000316741000000                         00000006620101000000DM 00000000000000000000 01090907200030760120                    100120000000000400075630940010907200000100000000000000000000000000000000000000000000000000000000000000000000000000004000000000000000000000000000000000000000000000000000000010000000000000          0000479186480800000000000000000000000000000000000000000032
1022542123500018830940000316741000000                         00000006596901000000DM 00000000000000000000 01090907200004370120                    100120000000000360075630940010907200000100000000000000000000000000000000000000000000000000000000000000000000000000003600000000000000000000000000000000000000000000000000000010000000000000          0001313854565300000000000000000000000000000000000000000033
1022542123500018830940000316741000000                         00000006512001000000DM 00000000000000000000 01090907200005450120                    100120000000000360075630940010907200000100000000000000000000000000000000000000000000000000000000000000000000000000003600000000000000000000000000000000000000000000000000000010000000000000          0003013578866800000000000000000000000000000000000000000034
1022542123500018830940000316741000000                         00000006500201000000DM 00000000000000000000 01090907200029630120                    100120000000000400075630940010907200000100000000000000000000000000000000000000000000000000000000000000000000000000004000000000000000000000000000000000000000000000000000000010000000000000          0000559499965500000000000000000000000000000000000000000035
1022542123500018830940000316741000000                         00000006488801000000DM 00000000000000000000 01090907200029220120                    100120000000000400075630940010907200000100000000000000000000000000000000000000000000000000000000000000000000000000004000000000000000000000000000000000000000000000000000000010000000000000          0005554795862000000000000000000000000000000000000000000036
1022542123500018830940000316741000000                         00000006476001000000DM 00000000000000000000 01090907200022820120                    100120000000000360075630940010907200000100000000000000000000000000000000000000000000000000000000000000000000000000003600000000000000000000000000000000000000000000000000000010000000000000          0007188059365300000000000000000000000000000000000000000037
1022542123500018830940000316741000000                         00000006452301000000DM 00000000000000000000 01090907200008690120                    100120000000000360075630940010907200000100000000000000000000000000000000000000000000000000000000000000000000000000003600000000000000000000000000000000000000000000000000000010000000000000          0000027442861000000000000000000000000000000000000000000038
1022542123500018830940000316741000000                         00000006429301000000DM 00000000000000000000 01090907200004910120                    100120000000000360075630940010907200000100000000000000000000000000000000000000000000000000000000000000000000000000003600000000000000000000000000000000000000000000000000000010000000000000          0002624052160400000000000000000000000000000000000000000039
1022542123500018830940000316741000000                         00000006405701000000DM 00000000000000000000 01090907200027000120                    100120000000000400075630940010907200000100000000000000000000000000000000000000000000000000000000000000000000000000004000000000000000000000000000000000000000000000000000000010000000000000          0000487456467400000000000000000000000000000000000000000040
1022542123500018830940000316741000000                         00000006357801000000DM 00000000000000000000 01090907200023970120                    100120000000000400075630940010907200000100000000000000000000000000000000000000000000000000000000000000000000000000004000000000000000000000000000000000000000000000000000000010000000000000          0007188737762000000000000000000000000000000000000000000041
1022542123500018830940000316741000000                         00000006273401000000DM 00000000000000000000 01090907200029270120                    100120000000000400075630940010907200000100000000000000000000000000000000000000000000000000000000000000000000000000004000000000000000000000000000000000000000000000000000000010000000000000          0001166686868000000000000000000000000000000000000000000042
1022542123500018830940000316741000000                         00000006237901000000DM 00000000000000000000 01090907200017830120                    100120000000000360075630940010907200000100000000000000000000000000000000000000000000000000000000000000000000000000003600000000000000000000000000000000000000000000000000000010000000000000          0007674540669100000000000000000000000000000000000000000043
1022542123500018830940000316741000000                         00000006153501000000DM 00000000000000000000 01090907200004530120                    100120000000000400075630940010907200000100000000000000000000000000000000000000000000000000000000000000000000000000004000000000000000000000000000000000000000000000000000000010000000000000          0000786278560600000000000000000000000000000000000000000044
1022542123500018830940000316741000000                         00000006141701000000DM 00000000000000000000 01090907200030700120                    100120000000000400075630940010907200000100000000000000000000000000000000000000000000000000000000000000000000000000004000000000000000000000000000000000000000000000000000000010000000000000          0001212798465000000000000000000000000000000000000000000045
1022542123500018830940000316741000000                         00000006069001000000DM 00000000000000000000 01090907200010210120                    100120000000000360075630940010907200000100000000000000000000000000000000000000000000000000000000000000000000000000003600000000000000000000000000000000000000000000000000000010000000000000          0007187518269100000000000000000000000000000000000000000046
1022542123500018830940000316741000000                         00000005973801000000DM 00000000000000000000 01090907200015980120                    100120000000000360075630940010907200000100000000000000000000000000000000000000000000000000000000000000000000000000003600000000000000000000000000000000000000000000000000000010000000000000          0007886934067800000000000000000000000000000000000000000047
1022542123500018830940000316741000000                         00000005901801000000DM 00000000000000000000 01090907200030710120                    100120000000000400075630940010907200000100000000000000000000000000000000000000000000000000000000000000000000000000004000000000000000000000000000000000000000000000000000000010000000000000          0000953633063600000000000000000000000000000000000000000048
1022542123500018830940000316741000000                         00000006327701000000DM 00000000000000000000 01060907200005930720                    100720000000000360010400970010907200000250000000000000000000000000000000000000000000000000000000000000000000000000003600000000000000000000000000000000000000000000000000000010000000000000          0003023575860400000000000000000000000000000000000000000049
1022542123500018830940000316741000000                         00000006099101000000DM 00000000000000000000 01060907200016360720                    100720000000000400010400970010907200000250000000000000000000000000000000000000000000000000000000000000000000000000004000000000000000000000000000000000000000000000000000000010000000000000          0004340692069100000000000000000000000000000000000000000050
1022542123500018830940000316741000000                         00000006811901000000DM 00000000000000000000 01060907201000250620                    100720000000039510075630940010907200000250000000000000000000000000000000000000000000000000000000000000000000000000395100000000000000000000000000000000000000000000000000000010000000000000          2604122800011300000000000000000000000000000000000000000051
1022542123500018830940000316741000000                         00000006752901000000DM 00000000000000000000 01060907200029710720                    100720000000000400003334670010907200000250000000000000000000000000000000000000000000000000000000000000000000000000004000000000000000000000000000000000000000000000000000000010000000000000          0002729840060600000000000000000000000000000000000000000052
1022542123500018830940000316741000000                         00000006219601000000DM 00000000000000000000 01060607200010200720                    100720000000000400010400970010607200000250000000000000000000000000000000000000000000000000000000000000000000000000004000000000000000000000000000000000000000000000000000000010000000000000          0003616071763400000000000000000000000000000000000000000053
9027563094SICOOB CREDIARA          R D BOSCO                                         Centro                        38183228Araxá                         MG130720200000005200000000113                                                                                                                                                                                                                    000054
