02RETORNO01COBRANÇA       30940000327964316741J REZENDE                     756 - BANCOOB S/A 1307200000412                                                                                                                                                                                                                                                                                               000001
1022542123500018830940000316741000000                         00000006638301000000DM 00000000000000000000 01061906200002360720                    100720000000000400010400970011906200000250000000000000000000000000000000000000000000000000000000000000000000000000004000000000000000000000000000000000000000000000000000000010000000000000          0000569370264200000000000000000000000000000000000000000002
1022542123500018830940000316741000000                         00000005400101000000DM 00000000000000000000 01091806200024541219                    201219000000000374075630940011806200000100000000000000000000000000000000000000000000000000000000000000000000000000003740000000000000000000000000000000000000000000000000000010000000000000          0000847276465600000000000000000000000000000000000000000003
1022542123500018830940000316741000000                         00000006470601000000DM 00000000000000000000 01061706200010140720                    100720000000000400010400970011706200000250000000000000000000000000000000000000000000000000000000000000000000000000004000000000000000000000000000000000000000000000000000000010000000000000          0005764752663400000000000000000000000000000000000000000004
1022542123500018830940000316741000000                         00000005940501000000DM 00000000000000000000 01061506200027130420                    100420000000000400023716910011506200000250000000000000000000000000000000000000000000000000000000000000000000000000004004000000000000400000000000000000000000000000000000000010000000000000          0009652261564900000000000000000000000000000000000000000005
1022542123500018830940000316741000000                         00000006589701000000DM 00000000000000000000 01061506200023040620                    100620000000000400010400970011506200000250000000000000000000000000000000000000000000000000000000000000000000000000004004000000000000400000000000000000000000000000000000000010000000000000          0004225353567200000000000000000000000000000000000000000006
1022542123500018830940000316741000000                         00000005123501000000DM 00000000000000000000 01091506200013891219                    151219000000000324075630940011506200000100000000000000000000000000000000000000000000000000000000000000000000000000003240000000000000000000000000000000000000000000000000000010000000000000          0000690262868800000000000000000000000000000000000000000007
9027563094SICOOB CREDIARA          R D BOSCO                                         Centro                        38183228Araxá                         MG130720200000000600000000113                                                                                                                                                                                                                    000008
