02RETORNO01COBRANÇA       30940000327964316741J REZENDE                     756 - BANCOOB S/A 1307200000414                                                                                                                                                                                                                                                                                               000001
1022542123500018830940000316741000000                         00000006027101000000DM 00000000000000000000 01060307200013270720                    100720000000000360010400970010307200000250000000000000000000000000000000000000000000000000000000000000000000000000003600000000000000000000000000000000000000000000000000000010000000000000          0005974586069700000000000000000000000000000000000000000002
1022542123500018830940000316741000000                         00000006554001000000DM 00000000000000000000 01060307200011610720                    100720000000000360010400970010307200000250000000000000000000000000000000000000000000000000000000000000000000000000003600000000000000000000000000000000000000000000000000000010000000000000          0004342743060000000000000000000000000000000000000000000003
1022542123500018830940000316741000000                         00000006650201000000DM 00000000000000000000 01060307200004220720                    100720000000000360010400970010307200000250000000000000000000000000000000000000000000000000000000000000000000000000003600000000000000000000000000000000000000000000000000000010000000000000          0007415855469100000000000000000000000000000000000000000004
1022542123500018830940000316741000000                         00000005919001000000DM 00000000000000000000 01060207200014580720                    100720000000000360010400970010207200000250000000000000000000000000000000000000000000000000000000000000000000000000003600000000000000000000000000000000000000000000000000000010000000000000          0002361630010000000000000000000000000000000000000000000005
1022542123500018830940000316741000000                         00000005991001000000DM 00000000000000000000 01060107200025270720                    100720000000000400010400970010107200000250000000000000000000000000000000000000000000000000000000000000000000000000004000000000000000000000000000000000000000000000000000000010000000000000          0000677178867900000000000000000000000000000000000000000006
1022542123500018830940000316741000000                         00000006111601000000DM 00000000000000000000 01060107200028820720                    100720000000000400010400970010107200000250000000000000000000000000000000000000000000000000000000000000000000000000004000000000000000000000000000000000000000000000000000000010000000000000          0002486093060600000000000000000000000000000000000000000007
1022542123500018830940000316741000000                         00000006566801000000DM 00000000000000000000 01060107200023390720                    100720000000000400010400970010107200000250000000000000000000000000000000000000000000000000000000000000000000000000004000000000000000000000000000000000000000000000000000000010000000000000          0003615945069700000000000000000000000000000000000000000008
1022542123500018830940000316741000000                         00000006255101000000DM 00000000000000000000 01063006200028150720                    100720000000000400010400970013006200000250000000000000000000000000000000000000000000000000000000000000000000000000004000000000000000000000000000000000000000000000000000000010000000000000          0001026372666500000000000000000000000000000000000000000009
1022542123500018830940000316741000000                         00000006003501000000DM 00000000000000000000 01062906200026740720                    100720000000000400010400970012906200000250000000000000000000000000000000000000000000000000000000000000000000000000004000000000000000000000000000000000000000000000000000000010000000000000          0000954360460600000000000000000000000000000000000000000010
1022542123500018830940000316741000000                         00000006075501000000DM 00000000000000000000 01062906200010210720                    100720000000000360010400970012906200000250000000000000000000000000000000000000000000000000000000000000000000000000003600000000000000000000000000000000000000000000000000000010000000000000          0007187518269100000000000000000000000000000000000000000011
1022542123500018830940000316741000000                         00000006517701000000DM 00000000000000000000 01062906200005450620                    100620000000000360010400970012906200000250000000000000000000000000000000000000000000000000000000000000000000000000003603000000000000300000000000000000000000000000000000000010000000000000          0003013578866800000000000000000000000000000000000000000012
1022542123500018830940000316741000000                         00000006800801000000DM 00000000000000000000 01062906200022690720                    100720000000000400010400970012906200000250000000000000000000000000000000000000000000000000000000000000000000000000004000000000000000000000000000000000000000000000000000000010000000000000          0006307307269100000000000000000000000000000000000000000013
9027563094SICOOB CREDIARA          R D BOSCO                                         Centro                        38183228Araxá                         MG130720200000001200000000113                                                                                                                                                                                                                    000014
