02RETORNO01COBRANÇA       30940000327964316741J REZENDE                     756 - BANCOOB S/A 2502190000290                                                                                                                                                                                                                                                                                               000001
1022542123500018830940000316741000000                         00000003173501000000DM 00000000000000000000 01091802190025800818                    200818000000000374075630940011802190000100000000000000000000000000000000000000000000000000000000000000000000000000003740000000000000000000000000000000000000000000000000000010000000000000          0007188615063000000000000000000000000000000000000000000002
1022542123500018830940000316741000000                         00000003377801000000DM 00000000000000000000 01091802190024540818                    200818000000000374075630940011802190000100000000000000000000000000000000000000000000000000000000000000000000000000003740000000000000000000000000000000000000000000000000000010000000000000          0000847276465600000000000000000000000000000000000000000003
9027563094SICOOB CREDIARA          RUA MARIA RITA DE AGUIAR                          CENTRO                        38183236ARAXÁ                         MG250220190000000200000000113                                                                                                                                                                                                                    000004
