02RETORNO01COBRANÇA       30940000327964316741J REZENDE                     756 - BANCOOB S/A 1102190000287                                                                                                                                                                                                                                                                                               000001
1022542123500018830940000316741000000                         00000004753801000000DM 00000000000000000000 01060402190004220219                    100219000000000324023716910010402190000250000000000000000000000000000000000000000000000000000000000000000000000000003240000000000000000000000000000000000000000000000000000010000000000000          0007415855469100000000000000000000000000000000000000000002
1022542123500018830940000316741000000                         00000005162201000000DM 00000000000000000000 01060402190014580219                    100219000000000324010400970010402190000250000000000000000000000000000000000000000000000000000000000000000000000000003240000000000000000000000000000000000000000000000000000010000000000000          0002361630010000000000000000000000000000000000000000000003
1022542123500018830940000316741000000                         00000005222001000000DM 00000000000000000000 01060402190015980219                    100219000000000324010400970010402190000250000000000000000000000000000000000000000000000000000000000000000000000000003240000000000000000000000000000000000000000000000000000010000000000000          0007886934067800000000000000000000000000000000000000000004
1022542123500018830940000316741000000                         00000005498201000000DM 00000000000000000000 01060502190026860219                    100219000000000374010400970010502190000250000000000000000000000000000000000000000000000000000000000000000000000000003740000000000000000000000000000000000000000000000000000010000000000000          0003407094060000000000000000000000000000000000000000000005
1022542123500018830940000316741000000                         00000005582701000000DM 00000000000000000000 01060102190028820219                    100219000000000374010400970010102190000250000000000000000000000000000000000000000000000000000000000000000000000000003740000000000000000000000000000000000000000000000000000010000000000000          0002486093060600000000000000000000000000000000000000000006
1022542123500018830940000316741000000                         00000005414401000000DM 00000000000000000000 01060402190025190219                    100219000000000374010407080010402190000250000000000000000000000000000000000000000000000000000000000000000000000000003740000000000000000000000000000000000000000000000000000010000000000000          0008540006863400000000000000000000000000000000000000000007
1022542123500018830940000316741000000                         00000005486401000000DM 00000000000000000000 01060502190026740219                    100219000000000374010400970010502190000250000000000000000000000000000000000000000000000000000000000000000000000000003740000000000000000000000000000000000000000000000000000010000000000000          0000954360460600000000000000000000000000000000000000000008
9027563094SICOOB CREDIARA          RUA MARIA RITA DE AGUIAR                          CENTRO                        38183236ARAXÁ                         MG110220190000000700000000113                                                                                                                                                                                                                    000009
