02RETORNO01COBRANÇA       30940000327964316741J REZENDE - ME                756 - BANCOOB S/A 1403170000058                                                                                                                                                                                                                                                                                               000001
1022542123500018830940000316741000000                         00000001115001000000DM 00000000000000000000 01061303170016360317                    100317000000000349075630940011303170000250000000000000000000000000000000000000000000000000000000000000000000000000003875000000000038500000000000000000000000000000000000000010000000000000          0004340692069100000000000000000000000000000000000000000002
9027563094SICOOB CREDIARA          RUA MARIA RITA DE AGUIAR                          CENTRO                        38183236ARAXÁ                         MG140320170000000100000000113                                                                                                                                                                                                                    000003
