02RETORNO01COBRANÇA       30940000327964316741J REZENDE - ME                756 - BANCOOB S/A 0603170000049                                                                                                                                                                                                                                                                                               000001
1022542123500018830940000316741000000                         00000001606201000000DM 00000000000000000000 01102202170029020217                    100217000000000349075630940012202170000100000000000000000000000000000000000000000000000000000000000000000000000000003490000000000000000000000000000000000000000000000000000010000000000000          0001042612960100000000000000000000000000000000000000000002
1022542123500018830940000316741000000                         00000002528101000000DM 00000000000000000000 01102002170030450217                    090217000000000349075630940012002170000100000000000000000000000000000000000000000000000000000000000000000000000000003490000000000000000000000000000000000000000000000000000010000000000000          0000956345263100000000000000000000000000000000000000000003
1022542123500018830940000316741000000                         00000000994701000000DM 00000000000000000000 01102002170024540217                    100217000000000349075630940012002170000100000000000000000000000000000000000000000000000000000000000000000000000000003490000000000000000000000000000000000000000000000000000010000000000000          0000847276465600000000000000000000000000000000000000000004
1022542123500018830940000316741000000                         00000000718301000000DM 00000000000000000000 01102202170010140217                    100217000000000349075630940012202170000100000000000000000000000000000000000000000000000000000000000000000000000000003490000000000000000000000000000000000000000000000000000010000000000000          0005764752663400000000000000000000000000000000000000000005
1022542123500018830940000316741000000                         00000001642801000000DM 00000000000000000000 01062302170029260217                    100217000000000349075630940012302170000250000000000000000000000000000000000000000000000000000000000000000000000000003995000000000050500000000000000000000000000000000000000010000000000000          0001299792766800000000000000000000000000000000000000000006
1022542123500018830940000316741000000                         00000001151501000000DM 00000000000000000000 01062402170017220317                    100317000000000294010400970012402170000250000000000000000000000000000000000000000000000000000000000000000000000000002940000000000000000000000000000000000000000000000000000010000000000000          0000326379860000000000000000000000000000000000000000000007
1022542123500018830940000316741000000                         00000000198101000000DM 00000000000000000000 01102202170002560117                    100117000000000294075630940012202170000100000000000000000000000000000000000000000000000000000000000000000000000000002940000000000000000000000000000000000000000000000000000010000000000000          0000474784860600000000000000000000000000000000000000000008
1022542123500018830940000316741000000                         00000002491401000000DM 00000000000000000000 01102202170030420217                    020217000000000349075630940012202170000100000000000000000000000000000000000000000000000000000000000000000000000000003490000000000000000000000000000000000000000000000000000010000000000000          0001076302165200000000000000000000000000000000000000000009
1022542123500018830940000316741000000                         00000000199901000000DM 00000000000000000000 01102202170002560217                    100217000000000294075630940012202170000100000000000000000000000000000000000000000000000000000000000000000000000000002940000000000000000000000000000000000000000000000000000010000000000000          0000474784860600000000000000000000000000000000000000000010
1022542123500018830940000316741000000                         00000001738001000000DM 00000000000000000000 01102002170029780217                    100217000000000349075630940012002170000100000000000000000000000000000000000000000000000000000000000000000000000000003490000000000000000000000000000000000000000000000000000010000000000000          0000781177065200000000000000000000000000000000000000000011
9027563094SICOOB CREDIARA          RUA MARIA RITA DE AGUIAR                          CENTRO                        38183236ARAXÁ                         MG060320170000001000000000113                                                                                                                                                                                                                    000012
