02RETORNO01COBRANÇA       30940000327964316741J REZENDE - ME                756 - BANCOOB S/A 2203170000064                                                                                                                                                                                                                                                                                               000001
1022542123500018830940000316741000000                         00000001946201000000DM 00000000000000000000 01062103170025530317                    100317000000000349075630940012103170000250000000000013200000000000000000000000000000000000000000000000000000000000003971000000000034900000000000000000000000000000000000000010000000000000          0000588234869200000000000000000000000000000000000000000002
9027563094SICOOB CREDIARA          RUA MARIA RITA DE AGUIAR                          CENTRO                        38183236ARAXÁ                         MG220320170000000100000000113                                                                                                                                                                                                                    000003
