02RETORNO01COBRANÇA       30940000327964316741J REZENDE - ME                756 - BANCOOB S/A 2903170000065                                                                                                                                                                                                                                                                                               000001
1022542123500018830940000316741000000                         00000002631601000000DM 00000000000000000000 01062703170030310317                    280317000000000385334164350012703170000250000000000000000000000000000000000000000000000000000000000000000000000000003853000000000000000000000000000000000000000000000000000010000000000000          0000848099966700000000000000000000000000000000000000000002
1022542123500018830940000316741000000                         00000002629001000000DM 00000000000000000000 01062703170030310117                    280317000000000392534164350012703170000250000000000000000000000000000000000000000000000000000000000000000000000000003925000000000000000000000000000000000000000000000000000010000000000000          0000848099966700000000000000000000000000000000000000000003
1022542123500018830940000316741000000                         00000002630901000000DM 00000000000000000000 01062703170030310217                    280317000000000388834164350012703170000250000000000000000000000000000000000000000000000000000000000000000000000000003888000000000000000000000000000000000000000000000000000010000000000000          0000848099966700000000000000000000000000000000000000000004
9027563094SICOOB CREDIARA          RUA MARIA RITA DE AGUIAR                          CENTRO                        38183236ARAXÁ                         MG290320170000000300000000113                                                                                                                                                                                                                    000005
