02RETORNO01COBRANÇA       30940000327964316741J REZENDE - ME                756 - BANCOOB S/A 1003170000055                                                                                                                                                                                                                                                                                               000001
1022542123500018830940000316741000000                         00000000236701000000DM 00000000000000000000 01060903170003300317                    100317000000000294010400970010903170000250000000000000000000000000000000000000000000000000000000000000000000000000002940000000000000000000000000000000000000000000000000000010000000000000          0000916024261200000000000000000000000000000000000000000002
1022542123500018830940000316741000000                         00000001067001000000DM 00000000000000000000 01060903170015680317                    100317000000000294010400970010903170000250000000000000000000000000000000000000000000000000000000000000000000000000002940000000000000000000000000000000000000000000000000000010000000000000          0009028457763400000000000000000000000000000000000000000003
1022542123500018830940000316741000000                         00000001775201000000DM 00000000000000000000 01060903170030140317                    260317000000000349010400970010903170000250000000000000000000000000000000000000000000000000000000000000000000000000003490000000000000000000000000000000000000000000000000000010000000000000          0000506908968400000000000000000000000000000000000000000004
1022542123500018830940000316741000000                         00000000827101000000DM 00000000000000000000 01060903170011230317                    100317000000000294003307730010903170000250000000000000000000000000000000000000000000000000000000000000000000000000002940000000000000000000000000000000000000000000000000000010000000000000          0000702724661900000000000000000000000000000000000000000005
1022542123500018830940000316741000000                         00000002210401000000DM 00000000000000000000 01060903170014420317                    100317000000000294010400970010903170000250000000000000000000000000000000000000000000000000000000000000000000000000002940000000000000000000000000000000000000000000000000000010000000000000          0000534757766500000000000000000000000000000000000000000006
1022542123500018830940000316741000000                         00000002234001000000DM 00000000000000000000 01060903170014480317                    100317000000000294010400970010903170000250000000000000000000000000000000000000000000000000000000000000000000000000002940000000000000000000000000000000000000000000000000000010000000000000          0005227926069700000000000000000000000000000000000000000007
1022542123500018830940000316741000000                         00000001934401000000DM 00000000000000000000 01060903170025420317                    100317000000000349034199260010903170000250000000000000000000000000000000000000000000000000000000000000000000000000003490000000000000000000000000000000000000000000000000000010000000000000          0002891803760000000000000000000000000000000000000000000008
1022542123500018830940000316741000000                         00000001874701000000DM 00000000000000000000 01060903170025270317                    100317000000000349010400970010903170000250000000000000000000000000000000000000000000000000000000000000000000000000003490000000000000000000000000000000000000000000000000000010000000000000          0000677178867900000000000000000000000000000000000000000009
1022542123500018830940000316741000000                         00000001263501000000DM 00000000000000000000 01060903170025540217                    100317000000000319010400970010903170000250000000000000000000000000000000000000000000000000000000000000000000000000003190000000000000000000000000000000000000000000000000000010000000000000          0006612599561500000000000000000000000000000000000000000010
1022542123500018830940000316741000000                         00000000599601000000DM 00000000000000000000 01060903170009010317                    100317000000000294010400970010903170000250000000000000000000000000000000000000000000000000000000000000000000000000002940000000000000000000000000000000000000000000000000000010000000000000          0009470166060400000000000000000000000000000000000000000011
9027563094SICOOB CREDIARA          RUA MARIA RITA DE AGUIAR                          CENTRO                        38183236ARAXÁ                         MG100320170000001000000000113                                                                                                                                                                                                                    000012
