02RETORNO01COBRANÇA       30940000327964316741J REZENDE - ME                756 - BANCOOB S/A 0703170000052                                                                                                                                                                                                                                                                                               000001
1022542123500018830940000316741000000                         00000002066201000000DM 00000000000000000000 01060603170026580317                    100317000000000349010400970010603170000250000000000000000000000000000000000000000000000000000000000000000000000000003490000000000000000000000000000000000000000000000000000010000000000000          0003032597862000000000000000000000000000000000000000000002
1022542123500018830940000316741000000                         00000000851901000000DM 00000000000000000000 01100603170011610317                    100317000000000294075630940010603170000100000000000000000000000000000000000000000000000000000000000000000000000000002940000000000000000000000000000000000000000000000000000010000000000000          0004342743060000000000000000000000000000000000000000000003
1022542123500018830940000316741000000                         00000001018001000000DM 00000000000000000000 01100603170024790217                    100217000000000349075630940010603170000100000000000000000000000000000000000000000000000000000000000000000000000000003490000000000000000000000000000000000000000000000000000010000000000000          0000302933999800000000000000000000000000000000000000000004
1022542123500018830940000316741000000                         00000001701801000000DM 00000000000000000000 01100603170029710117                    100117000000000349075630940010603170000100000000000000000000000000000000000000000000000000000000000000000000000000003490000000000000000000000000000000000000000000000000000010000000000000          0002729840060600000000000000000000000000000000000000000005
1022542123500018830940000316741000000                         00000002368201000000DM 00000000000000000000 01100603170025310117                    100117000000000349075630940010603170000100000000000000000000000000000000000000000000000000000000000000000000000000003490000000000000000000000000000000000000000000000000000010000000000000          0000797618260900000000000000000000000000000000000000000006
1022542123500018830940000316741000000                         00000001126001000000DM 00000000000000000000 01100603170016380217                    100217000000000294075630940010603170000100000000000000000000000000000000000000000000000000000000000000000000000000002940000000000000000000000000000000000000000000000000000010000000000000          0004897108160000000000000000000000000000000000000000000007
1022542123500018830940000316741000000                         00000000526901000000DM 00000000000000000000 01100603170004160217                    100217000000000294075630940010603170000100000000000000000000000000000000000000000000000000000000000000000000000000002940000000000000000000000000000000000000000000000000000010000000000000          0009147587261500000000000000000000000000000000000000000008
1022542123500018830940000316741000000                         00000000551301000000DM 00000000000000000000 01060603170008410317                    100317000000000294010400970010603170000250000000000000000000000000000000000000000000000000000000000000000000000000002940000000000000000000000000000000000000000000000000000010000000000000          0004459589168700000000000000000000000000000000000000000009
1022542123500018830940000316741000000                         00000000296901000000DM 00000000000000000000 01060603170004220317                    100317000000000294010400970010603170000250000000000000000000000000000000000000000000000000000000000000000000000000002940000000000000000000000000000000000000000000000000000010000000000000          0007415855469100000000000000000000000000000000000000000010
1022542123500018830940000316741000000                         00000001704001000000DM 00000000000000000000 01100603170029710417                    100417000000000349075630940010603170000100000000000000000000000000000000000000000000000000000000000000000000000000003490000000000000000000000000000000000000000000000000000010000000000000          0002729840060600000000000000000000000000000000000000000011
1022542123500018830940000316741000000                         00000001125301000000DM 00000000000000000000 01100603170016380117                    100117000000000294075630940010603170000100000000000000000000000000000000000000000000000000000000000000000000000000002940000000000000000000000000000000000000000000000000000010000000000000          0004897108160000000000000000000000000000000000000000000012
1022542123500018830940000316741000000                         00000002552901000000DM 00000000000000000000 01100603170004910417                    100417000000000294075630940010603170000100000000000000000000000000000000000000000000000000000000000000000000000000002940000000000000000000000000000000000000000000000000000010000000000000          0002624052160400000000000000000000000000000000000000000013
1022542123500018830940000316741000000                         00000002054401000000DM 00000000000000000000 01060603170026060317                    100317000000000349010400970010603170000250000000000000000000000000000000000000000000000000000000000000000000000000003490000000000000000000000000000000000000000000000000000010000000000000          0004341197568700000000000000000000000000000000000000000014
1022542123500018830940000316741000000                         00000000563101000000DM 00000000000000000000 01100603170008470317                    100317000000000349075630940010603170000100000000000000000000000000000000000000000000000000000000000000000000000000003490000000000000000000000000000000000000000000000000000010000000000000          0000150671660100000000000000000000000000000000000000000015
1022542123500018830940000316741000000                         00000000852601000000DM 00000000000000000000 01100603170011610417                    100417000000000294075630940010603170000100000000000000000000000000000000000000000000000000000000000000000000000000002940000000000000000000000000000000000000000000000000000010000000000000          0004342743060000000000000000000000000000000000000000000016
1022542123500018830940000316741000000                         00000001702501000000DM 00000000000000000000 01100603170029710217                    100217000000000349075630940010603170000100000000000000000000000000000000000000000000000000000000000000000000000000003490000000000000000000000000000000000000000000000000000010000000000000          0002729840060600000000000000000000000000000000000000000017
1022542123500018830940000316741000000                         00000001439101000000DM 00000000000000000000 01060603170027570317                    100317000000000349010400970010603170000250000000000000000000000000000000000000000000000000000000000000000000000000003490000000000000000000000000000000000000000000000000000010000000000000          0000699499364700000000000000000000000000000000000000000018
1022542123500018830940000316741000000                         00000001559001000000DM 00000000000000000000 01060603170028890317                    100317000000000349010400970010603170000250000000000000000000000000000000000000000000000000000000000000000000000000003490000000000000000000000000000000000000000000000000000010000000000000          0000564891363000000000000000000000000000000000000000000019
1022542123500018830940000316741000000                         00000002102301000000DM 00000000000000000000 01060603170026710317                    100317000000000349010400970010603170000250000000000000000000000000000000000000000000000000000000000000000000000000003490000000000000000000000000000000000000000000000000000010000000000000          0005764341515300000000000000000000000000000000000000000020
1022542123500018830940000316741000000                         00000002246901000000DM 00000000000000000000 01060603170014580317                    100317000000000294010400970010603170000250000000000000000000000000000000000000000000000000000000000000000000000000002940000000000000000000000000000000000000000000000000000010000000000000          0002361630010000000000000000000000000000000000000000000021
1022542123500018830940000316741000000                         00000001127801000000DM 00000000000000000000 01100603170016380317                    100317000000000294075630940010603170000100000000000000000000000000000000000000000000000000000000000000000000000000002940000000000000000000000000000000000000000000000000000010000000000000          0004897108160000000000000000000000000000000000000000000022
1022542123500018830940000316741000000                         00000002593001000000DM 00000000000000000000 01060603171000210217                    100317000000001039503334670010603170000250000000000000000000000000000000000000000000000000000000000000000000000000010395000000000000000000000000000000000000000000000000000010000000000000          6522717500018100000000000000000000000000000000000000000023
1022542123500018830940000316741000000                         00000000368401000000DM 00000000000000000000 01100603170004350217                    100217000000000294075630940010603170000100000000000000000000000000000000000000000000000000000000000000000000000000002940000000000000000000000000000000000000000000000000000010000000000000          0001514063611500000000000000000000000000000000000000000024
1022542123500018830940000316741000000                         00000000636401000000DM 00000000000000000000 01100603170005450417                    100417000000000294075630940010603170000100000000000000000000000000000000000000000000000000000000000000000000000000002940000000000000000000000000000000000000000000000000000010000000000000          0003013578866800000000000000000000000000000000000000000025
1022542123500018830940000316741000000                         00000002186101000000DM 00000000000000000000 01060603170027130317                    100317000000000349010400970010603170000250000000000000000000000000000000000000000000000000000000000000000000000000003490000000000000000000000000000000000000000000000000000010000000000000          0009652261564900000000000000000000000000000000000000000026
1022542123500018830940000316741000000                         00000002270601000000DM 00000000000000000000 01060603170014950317                    100317000000000294010400970010603170000250000000000000000000000000000000000000000000000000000000000000000000000000002940000000000000000000000000000000000000000000000000000010000000000000          0000136752462800000000000000000000000000000000000000000027
1022542123500018830940000316741000000                         00000002029001000000DM 00000000000000000000 01100603170025960217                    100217000000000349075630940010603170000100000000000000000000000000000000000000000000000000000000000000000000000000003490000000000000000000000000000000000000000000000000000010000000000000          0009277829168700000000000000000000000000000000000000000028
1022542123500018830940000316741000000                         00000000850101000000DM 00000000000000000000 01100603170011610217                    100217000000000294075630940010603170000100000000000000000000000000000000000000000000000000000000000000000000000000002940000000000000000000000000000000000000000000000000000010000000000000          0004342743060000000000000000000000000000000000000000000029
1022542123500018830940000316741000000                         00000001655301000000DM 00000000000000000000 01060603170029300317                    100317000000000349010400970010603170000250000000000000000000000000000000000000000000000000000000000000000000000000003490000000000000000000000000000000000000000000000000000010000000000000          0000809615061800000000000000000000000000000000000000000030
1022542123500018830940000316741000000                         00000001703201000000DM 00000000000000000000 01100603170029710317                    100317000000000349075630940010603170000100000000000000000000000000000000000000000000000000000000000000000000000000003490000000000000000000000000000000000000000000000000000010000000000000          0002729840060600000000000000000000000000000000000000000031
1022542123500018830940000316741000000                         00000002126001000000DM 00000000000000000000 01060603170026750317                    100317000000000349010400970010603170000250000000000000000000000000000000000000000000000000000000000000000000000000003490000000000000000000000000000000000000000000000000000010000000000000          0001130201368800000000000000000000000000000000000000000032
1022542123500018830940000316741000000                         00000001139601000000DM 00000000000000000000 01100603170017120317                    100317000000000294075630940010603170000100000000000000000000000000000000000000000000000000000000000000000000000000002940000000000000000000000000000000000000000000000000000010000000000000          0006761282268700000000000000000000000000000000000000000033
1022542123500018830940000316741000000                         00000002551101000000DM 00000000000000000000 01100603170004910317                    100317000000000294075630940010603170000100000000000000000000000000000000000000000000000000000000000000000000000000002940000000000000000000000000000000000000000000000000000010000000000000          0002624052160400000000000000000000000000000000000000000034
1022542123500018830940000316741000000                         00000001235901000000DM 00000000000000000000 01060603170022660317                    100317000000000349010400970010603170000250000000000000000000000000000000000000000000000000000000000000000000000000003490000000000000000000000000000000000000000000000000000010000000000000          0004170441060600000000000000000000000000000000000000000035
1022542123500018830940000316741000000                         00000000320101000000DM 00000000000000000000 01060603170004370317                    100317000000000294010400970010603170000250000000000000000000000000000000000000000000000000000000000000000000000000002940000000000000000000000000000000000000000000000000000010000000000000          0001313854565300000000000000000000000000000000000000000036
1022542123500018830940000316741000000                         00000000367701000000DM 00000000000000000000 01100603170004350117                    100117000000000294075630940010603170000100000000000000000000000000000000000000000000000000000000000000000000000000002940000000000000000000000000000000000000000000000000000010000000000000          0001514063611500000000000000000000000000000000000000000037
1022542123500018830940000316741000000                         00000001705701000000DM 00000000000000000000 01100603170029710517                    100517000000000349075630940010603170000100000000000000000000000000000000000000000000000000000000000000000000000000003490000000000000000000000000000000000000000000000000000010000000000000          0002729840060600000000000000000000000000000000000000000038
9027563094SICOOB CREDIARA          RUA MARIA RITA DE AGUIAR                          CENTRO                        38183236ARAXÁ                         MG070320170000003700000000113                                                                                                                                                                                                                    000039
