02RETORNO01COBRANÇA       30940000327964316741J REZENDE - ME                756 - BANCOOB S/A 0803170000053                                                                                                                                                                                                                                                                                               000001
1022542123500018830940000316741000000                         00000001547201000000DM 00000000000000000000 01060703170028820317                    100317000000000349010400970010703170000250000000000000000000000000000000000000000000000000000000000000000000000000003490000000000000000000000000000000000000000000000000000010000000000000          0002486093060600000000000000000000000000000000000000000002
1022542123500018830940000316741000000                         00000000731001000000DM 00000000000000000000 01100703170010200317                    100317000000000349075630940010703170000100000000000000000000000000000000000000000000000000000000000000000000000000003490000000000000000000000000000000000000000000000000000010000000000000          0003616071763400000000000000000000000000000000000000000003
1022542123500018830940000316741000000                         00000001450301000000DM 00000000000000000000 01100703170027700217                    100217000000000349075630940010703170000100000000000000000000000000000000000000000000000000000000000000000000000000003490000000000000000000000000000000000000000000000000000010000000000000          0000890660760100000000000000000000000000000000000000000004
1022542123500018830940000316741000000                         00000001691901000000DM 00000000000000000000 01060703170029700317                    100317000000000349010400970010703170000250000000000000000000000000000000000000000000000000000000000000000000000000003490000000000000000000000000000000000000000000000000000010000000000000          0000214486281800000000000000000000000000000000000000000005
1022542123500018830940000316741000000                         00000001727901000000DM 00000000000000000000 01060703170029770317                    100317000000000349010400970010703170000250000000000000000000000000000000000000000000000000000000000000000000000000003490000000000000000000000000000000000000000000000000000010000000000000          0006219557360000000000000000000000000000000000000000000006
1022542123500018830940000316741000000                         00000001595601000000DM 00000000000000000000 01060703170029010317                    100317000000000349010400970010703170000250000000000000000000000000000000000000000000000000000000000000000000000000003490000000000000000000000000000000000000000000000000000010000000000000          0002483652468700000000000000000000000000000000000000000007
1022542123500018830940000316741000000                         00000002018901000000DM 00000000000000000000 01060703170025950317                    100317000000000349010400970010703170000250000000000000000000000000000000000000000000000000000000000000000000000000003490000000000000000000000000000000000000000000000000000010000000000000          0009473525567200000000000000000000000000000000000000000008
1022542123500018830940000316741000000                         00000000188801000000DM 00000000000000000000 01060703170002470317                    100317000000000294010400970010703170000250000000000000000000000000000000000000000000000000000000000000000000000000002940000000000000000000000000000000000000000000000000000010000000000000          0000356167569700000000000000000000000000000000000000000009
1022542123500018830940000316741000000                         00000000755601000000DM 00000000000000000000 01060703170010460317                    100317000000000294010400970010703170000250000000000000000000000000000000000000000000000000000000000000000000000000002940000000000000000000000000000000000000000000000000000010000000000000          0000013014064300000000000000000000000000000000000000000010
1022542123500018830940000316741000000                         00000000816001000000DM 00000000000000000000 01060703170011060417                    100417000000000294034184810010703170000250000000000000000000000000000000000000000000000000000000000000000000000000002940000000000000000000000000000000000000000000000000000010000000000000          0000306014564400000000000000000000000000000000000000000011
1022542123500018830940000316741000000                         00000000815301000000DM 00000000000000000000 01060703170011060317                    100317000000000294034184810010703170000250000000000000000000000000000000000000000000000000000000000000000000000000002940000000000000000000000000000000000000000000000000000010000000000000          0000306014564400000000000000000000000000000000000000000012
1022542123500018830940000316741000000                         00000000140501000000DM 00000000000000000000 01060703170000410317                    100317000000000294010400970010703170000250000000000000000000000000000000000000000000000000000000000000000000000000002940000000000000000000000000000000000000000000000000000010000000000000          0000565324365500000000000000000000000000000000000000000013
9027563094SICOOB CREDIARA          RUA MARIA RITA DE AGUIAR                          CENTRO                        38183236ARAXÁ                         MG080320170000001200000000113                                                                                                                                                                                                                    000014
