02RETORNO01COBRANÇA       30940000327964316741J REZENDE - ME                756 - BANCOOB S/A 0603170000051                                                                                                                                                                                                                                                                                               000001
1022542123500018830940000316741000000                         00000002282401000000DM 00000000000000000000 01060303170015230317                    100317000000000294010400970010303170000250000000000000000000000000000000000000000000000000000000000000000000000000002940000000000000000000000000000000000000000000000000000010000000000000          0003225778362000000000000000000000000000000000000000000002
1022542123500018830940000316741000000                         00000002222201000000DM 00000000000000000000 01060303170014430317                    100317000000000294010400970010303170000250000000000000000000000000000000000000000000000000000000000000000000000000002940000000000000000000000000000000000000000000000000000010000000000000          0000696140365400000000000000000000000000000000000000000003
1022542123500018830940000316741000000                         00000000369101000000DM 00000000000000000000 01060303170004350317                    100317000000000294034184810010303170000250000000000000000000000000000000000000000000000000000000000000000000000000002940000000000000000000000000000000000000000000000000000010000000000000          0001514063611500000000000000000000000000000000000000000004
1022542123500018830940000316741000000                         00000001619801000000DM 00000000000000000000 01060303170029160317                    100317000000000349010400970010303170000250000000000000000000000000000000000000000000000000000000000000000000000000003490000000000000000000000000000000000000000000000000000010000000000000          0001248442318700000000000000000000000000000000000000000005
1022542123500018830940000316741000000                         00000000743801000000DM 00000000000000000000 01060303170010210317                    100317000000000294010400970010303170000250000000000000000000000000000000000000000000000000000000000000000000000000002940000000000000000000000000000000000000000000000000000010000000000000          0007187518269100000000000000000000000000000000000000000006
9027563094SICOOB CREDIARA          RUA MARIA RITA DE AGUIAR                          CENTRO                        38183236ARAXÁ                         MG060320170000000500000000113                                                                                                                                                                                                                    000007
