02RETORNO01COBRANÇA       30940000327964316741J REZENDE - ME                756 - BANCOOB S/A 2103170000063                                                                                                                                                                                                                                                                                               000001
1022542123500018830940000316741000000                         00000002529901000000DM 00000000000000000000 01102003170030450317                    100317000000000349075630940012003170000100000000000000000000000000000000000000000000000000000000000000000000000000003490000000000000000000000000000000000000000000000000000010000000000000          0000956345263100000000000000000000000000000000000000000002
1022542123500018830940000316741000000                         00000002592301000000DM 00000000000000000000 01102003171000180217                    100317000000004773075630940012003170000100000000000000000000000000000000000000000000000000000000000000000000000000047730000000000000000000000000000000000000000000000000000010000000000000          1823706600016500000000000000000000000000000000000000000003
1022542123500018830940000316741000000                         00000000453601000000DM 00000000000000000000 01102003170007350317                    100317000000000294075630940012003170000100000000000000000000000000000000000000000000000000000000000000000000000000002940000000000000000000000000000000000000000000000000000010000000000000          0001043534261400000000000000000000000000000000000000000004
1022542123500018830940000316741000000                         00000002394401000000DM 00000000000000000000 01102003170009990317                    100317000000000294075630940012003170000100000000000000000000000000000000000000000000000000000000000000000000000000002940000000000000000000000000000000000000000000000000000010000000000000          0007875360064900000000000000000000000000000000000000000005
1022542123500018830940000316741000000                         00000001173701000000DM 00000000000000000000 01102003170017410117                    100117000000000294075630940012003170000100000000000000000000000000000000000000000000000000000000000000000000000000002940000000000000000000000000000000000000000000000000000010000000000000          0000580980162500000000000000000000000000000000000000000006
1022542123500018830940000316741000000                         00000000719001000000DM 00000000000000000000 01102003170010140317                    100317000000000349075630940012003170000100000000000000000000000000000000000000000000000000000000000000000000000000003490000000000000000000000000000000000000000000000000000010000000000000          0005764752663400000000000000000000000000000000000000000007
1022542123500018830940000316741000000                         00000000768101000000DM 00000000000000000000 01062003170010620417                    100417000000000294010400970012003170000250000000000000000000000000000000000000000000000000000000000000000000000000002940000000000000000000000000000000000000000000000000000010000000000000          0000055756263500000000000000000000000000000000000000000008
1022542123500018830940000316741000000                         00000001379401000000DM 00000000000000000000 01102003170023060317                    100317000000000349075630940012003170000100000000000000000000000000000000000000000000000000000000000000000000000000003490000000000000000000000000000000000000000000000000000010000000000000          0000284027162100000000000000000000000000000000000000000009
1022542123500018830940000316741000000                         00000000307501000000DM 00000000000000000000 01102003170004230217                    100217000000000294075630940012003170000100000000000000000000000000000000000000000000000000000000000000000000000000002940000000000000000000000000000000000000000000000000000010000000000000          0005724833867200000000000000000000000000000000000000000010
1022542123500018830940000316741000000                         00000001175101000000DM 00000000000000000000 01102003170017410317                    100317000000000294075630940012003170000100000000000000000000000000000000000000000000000000000000000000000000000000002940000000000000000000000000000000000000000000000000000010000000000000          0000580980162500000000000000000000000000000000000000000011
1022542123500018830940000316741000000                         00000000308201000000DM 00000000000000000000 01102003170004230317                    100317000000000294075630940012003170000100000000000000000000000000000000000000000000000000000000000000000000000000002940000000000000000000000000000000000000000000000000000010000000000000          0005724833867200000000000000000000000000000000000000000012
1022542123500018830940000316741000000                         00000001174401000000DM 00000000000000000000 01102003170017410217                    100217000000000294075630940012003170000100000000000000000000000000000000000000000000000000000000000000000000000000002940000000000000000000000000000000000000000000000000000010000000000000          0000580980162500000000000000000000000000000000000000000013
1022542123500018830940000316741000000                         00000000248501000000DM 00000000000000000000 01102003170003720317                    100317000000000294075630940012003170000100000000000000000000000000000000000000000000000000000000000000000000000000002940000000000000000000000000000000000000000000000000000010000000000000          0000595338569200000000000000000000000000000000000000000014
1022542123500018830940000316741000000                         00000001282501000000DM 00000000000000000000 01102003170030190217                    100317000000000319075630940012003170000100000000000000000000000000000000000000000000000000000000000000000000000000003190000000000000000000000000000000000000000000000000000010000000000000          0000766983862000000000000000000000000000000000000000000015
9027563094SICOOB CREDIARA          RUA MARIA RITA DE AGUIAR                          CENTRO                        38183236ARAXÁ                         MG210320170000001400000000113                                                                                                                                                                                                                    000016
