02RETORNO01COBRANÇA       30940000327964316741J REZENDE - ME                756 - BANCOOB S/A 1303170000057                                                                                                                                                                                                                                                                                               000001
1022542123500018830940000316741000000                         00000001353301000000DM 00000000000000000000 01100102170022820117                    100117000000000294075630940010102170000100000000000000000000000000000000000000000000000000000000000000000000000000002940000000000000000000000000000000000000000000000000000010000000000000          0007188059365300000000000000000000000000000000000000000002
1022542123500018830940000316741000000                         00000001066301000000DM 00000000000000000000 01060202170015680217                    100217000000000294034199260010202170000250000000000000000000000000000000000000000000000000000000000000000000000000002940000000000000000000000000000000000000000000000000000010000000000000          0009028457763400000000000000000000000000000000000000000003
1022542123500018830940000316741000000                         00000002441601000000DM 00000000000000000000 01100102170026590117                    100117000000000349075630940010102170000100000000000000000000000000000000000000000000000000000000000000000000000000003490000000000000000000000000000000000000000000000000000010000000000000          0001014914566700000000000000000000000000000000000000000004
1022542123500018830940000316741000000                         00000001198001000000DM 00000000000000000000 01060202170017750217                    100217000000000294010400970010202170000250000000000000000000000000000000000000000000000000000000000000000000000000002940000000000000000000000000000000000000000000000000000010000000000000          0002729843469100000000000000000000000000000000000000000005
1022542123500018830940000316741000000                         00000001909001000000DM 00000000000000000000 01060202170025190217                    100217000000000349010407080010202170000250000000000000000000000000000000000000000000000000000000000000000000000000003490000000000000000000000000000000000000000000000000000010000000000000          0008540006863400000000000000000000000000000000000000000006
1022542123500018830940000316741000000                         00000002515601000000DM 00000000000000000000 01060202170030440217                    050217000000000349010400970010202170000250000000000000000000000000000000000000000000000000000000000000000000000000003490000000000000000000000000000000000000000000000000000010000000000000          0000119164868000000000000000000000000000000000000000000007
1022542123500018830940000316741000000                         00000002245101000000DM 00000000000000000000 01060202170014580217                    100217000000000294010400970010202170000250000000000000000000000000000000000000000000000000000000000000000000000000002940000000000000000000000000000000000000000000000000000010000000000000          0002361630010000000000000000000000000000000000000000000008
1022542123500018830940000316741000000                         00000002040101000000DM 00000000000000000000 01100102170026050117                    100117000000000349075630940010102170000100000000000000000000000000000000000000000000000000000000000000000000000000003490000000000000000000000000000000000000000000000000000010000000000000          0000258153466400000000000000000000000000000000000000000009
9027563094SICOOB CREDIARA          RUA MARIA RITA DE AGUIAR                          CENTRO                        38183236ARAXÁ                         MG130320170000000800000000113                                                                                                                                                                                                                    000010
