02RETORNO01COBRANÇA       30940000327964316741J REZENDE - ME                756 - BANCOOB S/A 3003170000066                                                                                                                                                                                                                                                                                               000001
1022542123500018830940000316741000000                         00000002115901000000DM 00000000000000000000 01062903170026740417                    100417000000000349023716910012903170000250000000000000000000000000000000000000000000000000000000000000000000000000003490000000000000000000000000000000000000000000000000000010000000000000          0000954360460600000000000000000000000000000000000000000002
9027563094SICOOB CREDIARA          RUA MARIA RITA DE AGUIAR                          CENTRO                        38183236ARAXÁ                         MG300320170000000100000000113                                                                                                                                                                                                                    000003
