02RETORNO01COBRANÇA       30940000327964316741J REZENDE - ME                756 - BANCOOB S/A 2003170000062                                                                                                                                                                                                                                                                                               000001
1022542123500018830940000316741000000                         00000001850001000000DM 00000000000000000000 01061503170030330317                    100317000000000349075630940011503170000250000000000000000000000000000000000000000000000000000000000000000000000000003899000000000040900000000000000000000000000000000000000010000000000000          0008285259668700000000000000000000000000000000000000000002
9027563094SICOOB CREDIARA          RUA MARIA RITA DE AGUIAR                          CENTRO                        38183236ARAXÁ                         MG200320170000000100000000113                                                                                                                                                                                                                    000003
