02RETORNO01COBRANÇA       30940000327964316741J REZENDE - ME                756 - BANCOOB S/A 0603170000050                                                                                                                                                                                                                                                                                               000001
1022542123500018830940000316741000000                         00000001463901000000DM 00000000000000000000 01060203170027730317                    100317000000000349010400970010203170000250000000000000000000000000000000000000000000000000000000000000000000000000003490000000000000000000000000000000000000000000000000000010000000000000          0006612363169100000000000000000000000000000000000000000002
1022542123500018830940000316741000000                         00000001910801000000DM 00000000000000000000 01060203170025190317                    100317000000000349010407080010203170000250000000000000000000000000000000000000000000000000000000000000000000000000003490000000000000000000000000000000000000000000000000000010000000000000          0008540006863400000000000000000000000000000000000000000003
1022542123500018830940000316741000000                         00000000695901000000DM 00000000000000000000 01060203170009530317                    100317000000000294010400970010203170000250000000000000000000000000000000000000000000000000000000000000000000000000002940000000000000000000000000000000000000000000000000000010000000000000          0004361846464900000000000000000000000000000000000000000004
1022542123500018830940000316741000000                         00000000743801000000DM 00000000000000000000 01060303170010210317                    100317000000000294010400970010303170000250000000000000000000000000000000000000000000000000000000000000000000000000002940000000000000000000000000000000000000000000000000000010000000000000          0007187518269100000000000000000000000000000000000000000005
1022542123500018830940000316741000000                         00000002138801000000DM 00000000000000000000 01060203170026860317                    100317000000000349034199260010203170000250000000000000000000000000000000000000000000000000000000000000000000000000003490000000000000000000000000000000000000000000000000000010000000000000          0003407094060000000000000000000000000000000000000000000006
1022542123500018830940000316741000000                         00000002282401000000DM 00000000000000000000 01060303170015230317                    100317000000000294010400970010303170000250000000000000000000000000000000000000000000000000000000000000000000000000002940000000000000000000000000000000000000000000000000000010000000000000          0003225778362000000000000000000000000000000000000000000007
1022542123500018830940000316741000000                         00000002444801000000DM 00000000000000000000 01060103170006720317                    100317000000000294010400970010103170000250000000000000000000000000000000000000000000000000000000000000000000000000002940000000000000000000000000000000000000000000000000000010000000000000          0001612675069100000000000000000000000000000000000000000008
1022542123500018830940000316741000000                         00000001199801000000DM 00000000000000000000 01060203170017750317                    100317000000000294010400970010203170000250000000000000000000000000000000000000000000000000000000000000000000000000002940000000000000000000000000000000000000000000000000000010000000000000          0002729843469100000000000000000000000000000000000000000009
1022542123500018830940000316741000000                         00000001994601000000DM 00000000000000000000 01060203170025920317                    100317000000000349034109440010203170000250000000000000000000000000000000000000000000000000000000000000000000000000003490000000000000000000000000000000000000000000000000000010000000000000          0009838358266800000000000000000000000000000000000000000010
1022542123500018830940000316741000000                         00000001114201000000DM 00000000000000000000 01060203170016360217                    100217000000000349075630940010203170000250000000000000000000000000000000000000000000000000000000000000000000000000004079000000000058900000000000000000000000000000000000000010000000000000          0004340692069100000000000000000000000000000000000000000011
1022542123500018830940000316741000000                         00000000441801000000DM 00000000000000000000 01060203170007200317                    100317000000000294034199260010203170000250000000000000000000000000000000000000000000000000000000000000000000000000002940000000000000000000000000000000000000000000000000000010000000000000          0003609756063000000000000000000000000000000000000000000012
1022542123500018830940000316741000000                         00000001511801000000DM 00000000000000000000 01060103170028310317                    100317000000000349010400970010103170000250000000000000000000000000000000000000000000000000000000000000000000000000003490000000000000000000000000000000000000000000000000000010000000000000          0000512998361000000000000000000000000000000000000000000013
1022542123500018830940000316741000000                         00000001619801000000DM 00000000000000000000 01060303170029160317                    100317000000000349010400970010303170000250000000000000000000000000000000000000000000000000000000000000000000000000003490000000000000000000000000000000000000000000000000000010000000000000          0001248442318700000000000000000000000000000000000000000014
1022542123500018830940000316741000000                         00000000152301000000DM 00000000000000000000 01060203170000730317                    100317000000000294010400970010203170000250000000000000000000000000000000000000000000000000000000000000000000000000002940000000000000000000000000000000000000000000000000000010000000000000          0000243026943000000000000000000000000000000000000000000015
1022542123500018830940000316741000000                         00000000369101000000DM 00000000000000000000 01060303170004350317                    100317000000000294034184810010303170000250000000000000000000000000000000000000000000000000000000000000000000000000002940000000000000000000000000000000000000000000000000000010000000000000          0001514063611500000000000000000000000000000000000000000016
1022542123500018830940000316741000000                         00000002222201000000DM 00000000000000000000 01060303170014430317                    100317000000000294010400970010303170000250000000000000000000000000000000000000000000000000000000000000000000000000002940000000000000000000000000000000000000000000000000000010000000000000          0000696140365400000000000000000000000000000000000000000017
1022542123500018830940000316741000000                         00000002041901000000DM 00000000000000000000 01060203170026050217                    100217000000000349075630940010203170000250000000000000000000000000000000000000000000000000000000000000000000000000004030000000000054000000000000000000000000000000000000000010000000000000          0000258153466400000000000000000000000000000000000000000018
9027563094SICOOB CREDIARA          RUA MARIA RITA DE AGUIAR                          CENTRO                        38183236ARAXÁ                         MG060320170000001700000000113                                                                                                                                                                                                                    000019
