02RETORNO01COBRANÇA       30940000327964316741J REZENDE - ME                756 - BANCOOB S/A 1503170000059                                                                                                                                                                                                                                                                                               000001
1022542123500018830940000316741000000                         00000001475701000000DM 00000000000000000000 01101403170028110317                    100317000000000349075630940011403170000100000000000000000000000000000000000000000000000000000000000000000000000000003490000000000000000000000000000000000000000000000000000010000000000000          0000930495160700000000000000000000000000000000000000000002
1022542123500018830940000316741000000                         00000001478901000000DM 00000000000000000000 01101403170028110617                    100617000000000349075630940011403170000100000000000000000000000000000000000000000000000000000000000000000000000000003490000000000000000000000000000000000000000000000000000010000000000000          0000930495160700000000000000000000000000000000000000000003
1022542123500018830940000316741000000                         00000000575001000000DM 00000000000000000000 01101403170008690317                    100317000000000294075630940011403170000100000000000000000000000000000000000000000000000000000000000000000000000000002940000000000000000000000000000000000000000000000000000010000000000000          0000027442861000000000000000000000000000000000000000000004
1022542123500018830940000316741000000                         00000001474001000000DM 00000000000000000000 01101403170028110217                    100217000000000349075630940011403170000100000000000000000000000000000000000000000000000000000000000000000000000000003490000000000000000000000000000000000000000000000000000010000000000000          0000930495160700000000000000000000000000000000000000000005
1022542123500018830940000316741000000                         00000001480401000000DM 00000000000000000000 01101403170028110817                    100817000000000349075630940011403170000100000000000000000000000000000000000000000000000000000000000000000000000000003490000000000000000000000000000000000000000000000000000010000000000000          0000930495160700000000000000000000000000000000000000000006
1022542123500018830940000316741000000                         00000001483601000000DM 00000000000000000000 01101403170028111117                    101117000000000349075630940011403170000100000000000000000000000000000000000000000000000000000000000000000000000000003490000000000000000000000000000000000000000000000000000010000000000000          0000930495160700000000000000000000000000000000000000000007
1022542123500018830940000316741000000                         00000002318401000000DM 00000000000000000000 01101403170004270317                    100317000000000294075630940011403170000100000000000000000000000000000000000000000000000000000000000000000000000000002940000000000000000000000000000000000000000000000000000010000000000000          0000329979965700000000000000000000000000000000000000000008
1022542123500018830940000316741000000                         00000000947001000000DM 00000000000000000000 01101403170013890317                    100317000000000294075630940011403170000100000000000000000000000000000000000000000000000000000000000000000000000000002940000000000000000000000000000000000000000000000000000010000000000000          0000690262868800000000000000000000000000000000000000000009
1022542123500018830940000316741000000                         00000001607001000000DM 00000000000000000000 01101403170029020317                    100317000000000349075630940011403170000100000000000000000000000000000000000000000000000000000000000000000000000000003490000000000000000000000000000000000000000000000000000010000000000000          0001042612960100000000000000000000000000000000000000000010
1022542123500018830940000316741000000                         00000001484301000000DM 00000000000000000000 01101403170028111217                    101217000000000349075630940011403170000100000000000000000000000000000000000000000000000000000000000000000000000000003490000000000000000000000000000000000000000000000000000010000000000000          0000930495160700000000000000000000000000000000000000000011
1022542123500018830940000316741000000                         00000002358901000000DM 00000000000000000000 01101403170027500317                    100317000000000349075630940011403170000100000000000000000000000000000000000000000000000000000000000000000000000000003490000000000000000000000000000000000000000000000000000010000000000000          0000282899960200000000000000000000000000000000000000000012
1022542123500018830940000316741000000                         00000001970001000000DM 00000000000000000000 01101403170025770317                    100317000000000349075630940011403170000100000000000000000000000000000000000000000000000000000000000000000000000000003490000000000000000000000000000000000000000000000000000010000000000000          0003225644269100000000000000000000000000000000000000000013
1022542123500018830940000316741000000                         00000000623901000000DM 00000000000000000000 01061403170005190317                    100317000000000294075630940011403170000250000000000000000000000000000000000000000000000000000000000000000000000000003274000000000033400000000000000000000000000000000000000010000000000000          0007188477760000000000000000000000000000000000000000000014
1022542123500018830940000316741000000                         00000000671201000000DM 00000000000000000000 01061403170009450317                    100317000000000294075630940011403170000250000000000000000000000000000000000000000000000000000000000000000000000000003274000000000033400000000000000000000000000000000000000010000000000000          0009277825960000000000000000000000000000000000000000000015
1022542123500018830940000316741000000                         00000001476401000000DM 00000000000000000000 01101403170028110417                    100417000000000349075630940011403170000100000000000000000000000000000000000000000000000000000000000000000000000000003490000000000000000000000000000000000000000000000000000010000000000000          0000930495160700000000000000000000000000000000000000000016
1022542123500018830940000316741000000                         00000001479601000000DM 00000000000000000000 01101403170028110717                    100717000000000349075630940011403170000100000000000000000000000000000000000000000000000000000000000000000000000000003490000000000000000000000000000000000000000000000000000010000000000000          0000930495160700000000000000000000000000000000000000000017
1022542123500018830940000316741000000                         00000001152201000000DM 00000000000000000000 01061403170017220417                    100417000000000294010400970011403170000250000000000000000000000000000000000000000000000000000000000000000000000000002940000000000000000000000000000000000000000000000000000010000000000000          0000326379860000000000000000000000000000000000000000000018
1022542123500018830940000316741000000                         00000001477101000000DM 00000000000000000000 01101403170028110517                    100517000000000349075630940011403170000100000000000000000000000000000000000000000000000000000000000000000000000000003490000000000000000000000000000000000000000000000000000010000000000000          0000930495160700000000000000000000000000000000000000000019
1022542123500018830940000316741000000                         00000001482901000000DM 00000000000000000000 01101403170028111017                    101017000000000349075630940011403170000100000000000000000000000000000000000000000000000000000000000000000000000000003490000000000000000000000000000000000000000000000000000010000000000000          0000930495160700000000000000000000000000000000000000000020
1022542123500018830940000316741000000                         00000001481101000000DM 00000000000000000000 01101403170028110917                    100917000000000349075630940011403170000100000000000000000000000000000000000000000000000000000000000000000000000000003490000000000000000000000000000000000000000000000000000010000000000000          0000930495160700000000000000000000000000000000000000000021
9027563094SICOOB CREDIARA          RUA MARIA RITA DE AGUIAR                          CENTRO                        38183236ARAXÁ                         MG150320170000002000000000113                                                                                                                                                                                                                    000022
