02RETORNO01COBRANÇA       30940000327964316741J REZENDE - ME                756 - BANCOOB S/A 0903170000054                                                                                                                                                                                                                                                                                               000001
1022542123500018830940000316741000000                         00000001091801000000DM 00000000000000000000 01060803170015840317                    100317000000000294010400970010803170000250000000000000000000000000000000000000000000000000000000000000000000000000002940000000000000000000000000000000000000000000000000000010000000000000          0006872201061000000000000000000000000000000000000000000002
1022542123500018830940000316741000000                         00000001354001000000DM 00000000000000000000 01100803170022820217                    100217000000000294075630940010803170000100000000000000000000000000000000000000000000000000000000000000000000000000002940000000000000000000000000000000000000000000000000000010000000000000          0007188059365300000000000000000000000000000000000000000003
1022542123500018830940000316741000000                         00000000659301000000DM 00000000000000000000 01060803170006480317                    100317000000000349010400970010803170000250000000000000000000000000000000000000000000000000000000000000000000000000003490000000000000000000000000000000000000000000000000000010000000000000          0001612677762000000000000000000000000000000000000000000004
1022542123500018830940000316741000000                         00000000175201000000DM 00000000000000000000 01100803170001520217                    100217000000000294075630940010803170000100000000000000000000000000000000000000000000000000000000000000000000000000002940000000000000000000000000000000000000000000000000000010000000000000          0000719132169500000000000000000000000000000000000000000005
1022542123500018830940000316741000000                         00000001030901000000DM 00000000000000000000 01100803170017830217                    100217000000000294075630940010803170000100000000000000000000000000000000000000000000000000000000000000000000000000002940000000000000000000000000000000000000000000000000000010000000000000          0007674540669100000000000000000000000000000000000000000006
1022542123500018830940000316741000000                         00000001922601000000DM 00000000000000000000 01060803170025200317                    100317000000000349010400970010803170000250000000000000000000000000000000000000000000000000000000000000000000000000003490000000000000000000000000000000000000000000000000000010000000000000          0003021597866800000000000000000000000000000000000000000007
1022542123500018830940000316741000000                         00000000887301000000DM 00000000000000000000 01060803170012200317                    100317000000000294010400970010803170000250000000000000000000000000000000000000000000000000000000000000000000000000002940000000000000000000000000000000000000000000000000000010000000000000          0005183755876000000000000000000000000000000000000000000008
1022542123500018830940000316741000000                         00000002198001000000DM 00000000000000000000 01060803170027360317                    100317000000000349010400970010803170000250000000000000000000000000000000000000000000000000000000000000000000000000003490000000000000000000000000000000000000000000000000000010000000000000          0006724457262000000000000000000000000000000000000000000009
1022542123500018830940000316741000000                         00000001031601000000DM 00000000000000000000 01100803170017830317                    100317000000000294075630940010803170000100000000000000000000000000000000000000000000000000000000000000000000000000002940000000000000000000000000000000000000000000000000000010000000000000          0007674540669100000000000000000000000000000000000000000010
1022542123500018830940000316741000000                         00000001078101000000DM 00000000000000000000 01100803170015740217                    100217000000000294075630940010803170000100000000000000000000000000000000000000000000000000000000000000000000000000002940000000000000000000000000000000000000000000000000000010000000000000          0003615826760000000000000000000000000000000000000000000011
1022542123500018830940000316741000000                         00000001367601000000DM 00000000000000000000 01060803170023040317                    100317000000000349010400970010803170000250000000000000000000000000000000000000000000000000000000000000000000000000003490000000000000000000000000000000000000000000000000000010000000000000          0004225353567200000000000000000000000000000000000000000012
1022542123500018830940000316741000000                         00000001487501000000DM 00000000000000000000 01060803170028150301                    100317000000000349010400970010803170000250000000000000000000000000000000000000000000000000000000000000000000000000003490000000000000000000000000000000000000000000000000000010000000000000          0001026372666500000000000000000000000000000000000000000013
1022542123500018830940000316741000000                         00000001535401000000DM 00000000000000000000 01060803170028810317                    100317000000000349034199260010803170000250000000000000000000000000000000000000000000000000000000000000000000000000003490000000000000000000000000000000000000000000000000000010000000000000          0002729612165300000000000000000000000000000000000000000014
1022542123500018830940000316741000000                         00000000971801000000DM 00000000000000000000 01100803170024350317                    100317000000000294075630940010803170000100000000000000000000000000000000000000000000000000000000000000000000000000002940000000000000000000000000000000000000000000000000000010000000000000          0008566563069100000000000000000000000000000000000000000015
1022542123500018830940000316741000000                         00000001103101000000DM 00000000000000000000 01060803170015980317                    100317000000000294010400970010803170000250000000000000000000000000000000000000000000000000000000000000000000000000002940000000000000000000000000000000000000000000000000000010000000000000          0007886934067800000000000000000000000000000000000000000016
1022542123500018830940000316741000000                         00000001055201000000DM 00000000000000000000 01060803170015610317                    100317000000000294010400970010803170000250000000000000000000000000000000000000000000000000000000000000000000000000002940000000000000000000000000000000000000000000000000000010000000000000          0000512874565100000000000000000000000000000000000000000017
1022542123500018830940000316741000000                         00000000791101000000DM 00000000000000000000 01060803170010920317                    100317000000000294010400970010803170000250000000000000000000000000000000000000000000000000000000000000000000000000002940000000000000000000000000000000000000000000000000000010000000000000          0007570230469100000000000000000000000000000000000000000018
1022542123500018830940000316741000000                         00000000863701000000DM 00000000000000000000 01060803170011880317                    100317000000000294010400970010803170000250000000000000000000000000000000000000000000000000000000000000000000000000002940000000000000000000000000000000000000000000000000000010000000000000          0009650926062000000000000000000000000000000000000000000019
1022542123500018830940000316741000000                         00000000899101000000DM 00000000000000000000 01060803170012280317                    100317000000000349075630940010803170000250000000000000000000000000000000000000000000000000000000000000000000000000003490000000000000000000000000000000000000000000000000000010000000000000          0000488266564600000000000000000000000000000000000000000020
1022542123500018830940000316741000000                         00000000983601000000DM 00000000000000000000 01060803170024530317                    100317000000000349010400970010803170000250000000000000000000000000000000000000000000000000000000000000000000000000003490000000000000000000000000000000000000000000000000000010000000000000          0003607094764900000000000000000000000000000000000000000021
1022542123500018830940000316741000000                         00000001583801000000DM 00000000000000000000 01060803170028970317                    100317000000000349010400970010803170000250000000000000000000000000000000000000000000000000000000000000000000000000003490000000000000000000000000000000000000000000000000000010000000000000          0005968516666800000000000000000000000000000000000000000022
9027563094SICOOB CREDIARA          RUA MARIA RITA DE AGUIAR                          CENTRO                        38183236ARAXÁ                         MG090320170000002100000000113                                                                                                                                                                                                                    000023
